1877 2869
477 66 703 135 rnmn
738 70 1248 125 PANEercth.
1282 77 1362 123 45.
1489 76 1590 125 aas

251 192 559 245 consideratus
576 214 631 247 ac
650 200 848 265 sapiens,
870 202 955 277 qui
973 210 1156 253 aetetem
1185 205 1236 253 in
1257 204 1456 253 tenebris
1475 205 1590 269 ugit·

246 252 429 305 Eadem
451 276 484 323 q
519 261 625 326 ’ppe
644 266 731 311 sub
744 265 960 330 Principe
979 268 1225 318 vii-tutibus
1245 269 1456 333 praemia,
1481 285 1589 333 qum

245 318 299 365 in
320 320 558 382 libertate3
592 341 677 375 nec
706 330 823 377 bene
855 330 978 379 facto
1011 341 1193 381 tantum
1224 349 1283 381 ex
1312 334 1588 382 conscientia

244 396 434 435 mer-ees.
464 390 616 439 Amas
636 394 936 443 constantiam
955 395 1126 443 civium
1143 414 1159 453 ς
1193 408 1428 473 rectosque
1447 414 1502 447 ac
1518 398 1588 446 vi-

244 446 377 497 vidos
396 452 573 503 animos
592 471 701 513 non,
722 465 778 504 ut
797 458 895 518 alii,
916 460 1158 509 contundis
1175 476 1232 510 nc
1246 462 1482 526 deprimis,
1505 462 1586 511 sed

243 510 372 560 foves
397 524 443 566 et
470 518 653 567 attollis.
696 522 892 570 Prodest
919 525 1064 573 bonos
1097 540 1210 585 esse,
1239 542 1348 575 cum
1379 526 1442 575 sit
1474 527 1584 575 setis

242 576 537 645 abundeque,
570 583 609 631 si
635 599 730 632 non
760 595 921 635 nocet:
959 588 1032 636 his
1051 588 1261 648 honores,
1283 590 1356 639 his
1377 590 1584 639 muo-

240 639 327 703 ssi12,
349 640 422 691 his
440 647 695 708 provincias
722 650 857 698 offers
874 668 889 699 ε
922 650 976 699 hi
995 653 1196 701 amidae
1217 654 1316 713 tua,
1337 654 1390 703 hi
1405 654 1582 717 judicio

239 700 421 754 florent.
453 709 705 761 Acuuntur
727 713 815 762 isto
845 712 1118 779 integritatis
1152 726 1198 767 et
1217 718 1454 767 industrie
1475 735 1582 783 pre-

240 766 309 815 tio
330 770 531 831 similes3
565 776 807 826 dissimiles
828 779 1092 829 alliciuntur
1109 799 1124 830 ς
1159 796 1268 829 nam
1285 783 1478 857 praemis
1499 783 1582 831 bo·-

239 845 411 883 norum
440 839 762 905 malorumque
784 844 930 892 bonos
959 860 1014 893 ac
1043 845 1190 894 malos
1209 846 1398 895 famum.
1433 846 1582 895 Pauci

237 895 357 945 adeo
391 898 575 963 ingenio
611 906 783 967 valent,
820 915 876 954 ut
916 923 1010 957 non
1054 918 1188 973 turpe
1220 911 1578 974 honestumque,

236 970 381 1023 prout
412 966 529 1014 bene
547 983 601 1015 ac
622 984 751 1017 secus
769 972 921 1031 cessit,
951 983 1168 1037 expetant
1186 975 1455 1037 fugiantve3
1489 990 1578 1023 cre-

236 1024 343 1083 teri,
366 1028 449 1075 ubi
465 1028 633 1079 laboris
648 1032 839 1094 inertiae,
860 1036 1111 1099 vigilantiae
1135 1054 1314 1098 somno,
1336 1039 1578 1103 frugalita-

234 1086 299 1135 tis
318 1089 533 1153 luxuriae,
558 1111 731 1145 merces
754 1098 907 1161 datur,
940 1100 1099 1149 eadem
1131 1102 1236 1161 ista,
1267 1104 1438 1167 quibus
1463 1103 1577 1153 alios

232 1152 415 1203 artibus
448 1168 675 1209 assecutos
715 1162 888 1222 vident,
930 1174 1277 1215 consectantur:
1326 1168 1578 1233 qualesque

234 1226 349 1327 {unt
366 1220 453 1282 illi,
474 1223 586 1271 tales
606 1240 703 1273 esse
722 1235 768 1275 et
786 1227 929 1275 videri
950 1229 1140 1287 volunt3
1174 1239 1238 1290 et,
1259 1230 1376 1279 dum
1392 1232 1574 1300 volunt,

273 1289 373 1329 unt.

302 1346 453 1409 (455
464 1350 532 1399 Et
550 1352 721 1417 priores
742 1354 931 1418 quidem
953 1356 1210 1422 Principes,
1231 1370 1420 1423 excepto
1441 1368 1574 1423 petre

232 1415 333 1466 tuo,
359 1423 576 1476 praeterea
605 1432 701 1466 uno
728 1428 811 1468 eut
839 1421 1000 1480 altero,
1039 1425 1105 1478 (et
1130 1423 1268 1472 nimis
1301 1424 1421 1485 dixi)
1449 1424 1572 1474 vitiis

231 1476 390 1538 potius
410 1479 578 1530 civium
600 1499 741 1547 quam
762 1485 1009 1534 virtutibus
1020 1487 1319 1545 laetabantur-3
1342 1491 1570 1553 primum,

231 1541 361 1602 quod
379 1542 431 1590 in
458 1545 549 1594 alio
570 1563 655 1594 sua
682 1564 913 1613 quemque
943 1560 1107 1600 natura
1125 1552 1350 1609 delectat3
1387 1553 1570 1614 deinde,

266 1605 361 1654 uod
380 1608 669 1670 patientiores
696 1613 922 1662 servitutis
950 1615 1306 1676 arbitrabantur,
1336 1633 1454 1682 quos
1475 1633 1569 1666 non

430 1688 525 1722 esse
544 1675 634 1722 nisi
654 1692 819 1726 servos.
854 1679 1043 1727 Horum
1059 1679 1107 1726 in
1122 1680 1276 1728 sinum
1291 1681 1448 1730 omnia
1463 1697 1572 1730 eon-

228 1735 477 1794 gerebant=
525 1741 667 1788 bonos
693 1753 851 1790 sutem
878 1742 973 1791 otio
1009 1752 1091 1791 aut
1122 1745 1214 1793 situ
1243 1748 1490 1805 abstrusos,
1522 1754 1570 1794 et

226 1798 365 1907 puasi
384 1801 601 1864 sepultos,
628 1819 739 1866 non,
767 1807 856 1854 nisi
876 1806 1182 1857 delationibus
1211 1817 1257 1858 et
1283 1807 1496 1873 periculis
1516 1809 1568 1858 in

246 1875 383 1910 ucem
410 1881 463 1913 ac
494 1866 619 1916 diem
646 1869 952 1932 proferebant.
999 1871 1080 1920 Tu
1109 1873 1282 1922 amicos
1302 1889 1361 1921 ex
1381 1875 1568 1938 optimis

226 1923 375 1988 legin
410 1937 457 1976 et
487 1931 710 1994 (hercule)
740 1950 929 1998 aequum
958 1946 1042 1996 est,
1079 1951 1174 1985 esse
1208 1953 1284 1986 eos
1313 1937 1568 1986 carissimos

225 1989 351 2038 bono
372 1991 593 2058 Principi,
644 1998 695 2045 ui
714 1997 850 2046 invisi
870 2000 996 2048 malo
1015 2000 1202 2048 fuerint.
1241 2001 1355 2062 Scis,
1379 2013 1433 2050 ut
1454 2011 1566 2050 sunt

224 2053 403 2104 diversa
422 2061 589 2108 nature
672 2062 863 2111 minatio
884 2071 929 2110 et
950 2063 1249 2127 principatus,
1265 2065 1332 2114 ita
1351 2080 1446 2113 non
1461 2067 1566 2116 eliis

225 2132 327 2166 esse
342 2120 605 2188 Principem
624 2126 885 2188 gratiorem,
918 2143 1061 2192 quam
1077 2130 1160 2192 qui
1187 2131 1392 2178 maxime
1413 2131 1564 2178 domi-

222 2195 343 2232 num
362 2197 621 2248 graventur.
654 2191 761 2239 Hos
776 2207 884 2254 ergo
896 2192 1124 2256 provehis,
1141 2202 1186 2242 et
1197 2203 1412 2256 ostentas,
1429 2195 1565 2258 quasi

222 2249 453 2310 specimen
476 2261 522 2302 et
542 2254 794 2318 exemplar,
816 2272 923 2320 quae
945 2256 1030 2304 tibi
1049 2266 1170 2306 secta
1187 2258 1312 2318 vitae,
1334 2260 1461 2323 quod
1479 2259 1566 2306 ho-

222 2308 406 2361 minum
428 2331 573 2378 genus
592 2319 771 2382 placeat
788 2337 803 2366 =
839 2329 885 2368 et
902 2320 1006 2368 ideo
1023 2335 1118 2369 non
1131 2337 1370 2371 censuram
1390 2323 1562 2382 adhuc,

220 2390 315 2424 non
337 2380 654 2441 praefecturam
676 2398 859 2432 morum
880 2385 1102 2449 recepisti,
1133 2388 1245 2450 quia
1267 2387 1367 2446 tibi,
1392 2387 1563 2434 benefi-

219 2440 302 2489 ciis
318 2443 470 2506 potius
486 2461 627 2508 quarn
642 2447 869 2508 remediis,
886 2449 1072 2513 ingenia
1085 2461 1240 2499 nostra
1251 2451 1446 2512 experiri
1460 2451 1564 2512 pla-
1624 2483 1626 2486 >

220 2515 305 2556 cet.
327 2507 396 2554 Et
414 2508 587 2574 alioqui
598 2512 765 2571 nescio,
788 2527 848 2559 an
864 2513 970 2577 plus
986 2515 1192 2562 moribus
1205 2514 1406 2562 conferat
1421 2513 1560 2560 Prin-

220 2587 345 2638 ceps,
367 2573 450 2637 qui
470 2575 612 2624 bonos
634 2590 731 2624 esse
750 2576 940 2640 patitur,
965 2592 1108 2646 quem
1128 2578 1211 2643 qui
1231 2577 1368 2640 cogit.
1401 2577 1561 2640 Flexiq
