1877 2869
288 76 352 127 90
612 72 839 123 Pmmr
882 73 1104 125 Ems'r.
1137 72 1228 126 1v.
1263 64 1311 125 92.

288 213 523 253 accusator
542 220 623 252 sex
642 204 794 264 horas,
824 219 992 253 novem
1014 218 1119 252 reus
1141 204 1399 269 accepisset,
1431 204 1498 253 ita
1519 198 1646 254 divi-

290 279 409 317 serat
438 279 648 333 tempora
679 286 785 317 reus
816 270 937 317 inter
957 284 1053 326 me,
1093 280 1139 316 et
1169 284 1277 316 eum
1309 268 1392 332 qui
1429 270 1646 318 dicturus

293 344 397 397 post
420 344 531 392 erat,
554 347 609 381 ut
629 349 713 397 ego
734 335 942 397 quinque
957 334 1098 391 horis,
1121 334 1200 380 ille
1214 334 1403 398 reliquis
1419 342 1645 382 uteretur.

290 398 417 446 Mihi
440 414 667 446 successus
688 400 876 446 actionis
898 399 1132 445 silentium
1151 399 1384 461 finemque
1399 399 1643 447 suadebat.

290 462 611 511 Temerariurn
634 474 701 511 est
723 464 847 510 enim
880 463 1089 509 secundis
1121 476 1213 509 non
1237 478 1333 510 esse
1354 472 1644 511 contentum.

290 528 373 575 Ad
392 528 497 587 hoc,
532 530 733 585 verebar,
762 542 821 575 ne
842 542 919 574 me
941 526 1139 589 corporis
1161 527 1278 574 ‘vires
1299 527 1461 574 iterato
1481 528 1644 577 labore

290 591 561 649 desererent,
596 604 737 655 quem
769 591 998 639 difficilius
1021 600 1088 638 est
1109 601 1328 653 repetere,
1361 605 1504 654 quam
1521 594 1639 653 jun·

290 670 411 717 gere.
455 656 573 704 Erat
593 657 733 703 etiam
754 655 1032 719 periculum,
1053 669 1113 702 ne
1133 656 1312 718 reliqua
1332 656 1450 702 actio
1471 672 1581 704 mea
1596 666 1646 705 et

292 720 443 785 frigus
464 730 517 768 ut
538 720 758 783 deposita,
782 728 827 767 et
848 719 1040 767 taedium
1061 728 1116 767 ut
1135 728 1354 779 resumta,
1389 728 1640 783 pateretur.

291 786 362 833 Ut
382 786 505 832 enim
528 784 648 832 faces
668 786 825 847 ignem
846 783 1030 831 assidua
1044 784 1338 831 concussione
1357 784 1642 846 custodiunt,

292 849 534 897 dimissum
572 850 807 911 aegerrime
840 856 1077 910 reparant:
1113 848 1178 895 sic
1209 856 1255 895 et
1287 847 1478 896 dicentis
1499 850 1642 911 calor,

294 922 339 961 et
360 912 585 961 audientis
616 913 825 971 intentio,
859 912 1198 959 continuatione
1227 921 1462 969 servatum
1497 914 1641 962 inter-

293 978 528 1041 capedine,
553 987 597 1025 et
614 978 745 1041 quasi
761 977 1040 1034 remissione,
1063 976 1345 1039 languescitz
1371 978 1452 1027 sed
1467 978 1643 1027 Bassus

291 1043 452 1089 multis
488 1042 715 1106 precibus,
750 1056 882 1105 paene
915 1040 1054 1087 etiam
1088 1040 1319 1104 lacrymis,
1358 1044 1642 1103 obsecrabat,

292 1106 535 1171 implerem
558 1122 715 1153 meum
738 1116 934 1169 tempus.
992 1105 1152 1163 Parui,
1176 1106 1517 1169 utilitatemque
1539 1109 1640 1168 ejus

292 1172 475 1235 praetuli
496 1186 625 1217 meae.
656 1172 787 1218 Bene
809 1170 965 1218 cessitt
1001 1169 1156 1217 inveni
1183 1170 1250 1217 ita
1271 1179 1440 1217 erectos
1460 1172 1641 1219 animos

294 1238 492 1294 senatus,
516 1236 581 1282 ita
602 1244 817 1293 recentes,
848 1246 902 1282 ut
922 1234 1074 1297 priore
1095 1234 1270 1281 actione
1291 1234 1468 1281 incitati
1491 1236 1640 1298 magis

293 1316 435 1363 quam
458 1300 607 1347 satiati
629 1298 904 1347 viderentur.
938 1298 1162 1346 Successit
1182 1298 1299 1345 mihi
1322 1300 1524 1348 Luceius
1547 1301 1639 1347 Al-

293 1364 448 1422 binus,
472 1372 567 1411 tam
592 1372 713 1427 apte,
746 1374 799 1411 ut
832 1364 1057 1411 orationes
1081 1372 1246 1409 nostrae
1267 1364 1532 1411 varietatem
1555 1365 1641 1413 du-

293 1445 444 1486 arum,
483 1437 750 1477 contextum
789 1429 944 1482 unius,
977 1428 1192 1475 habuisse
1226 1428 1482 1476 credantur.
1542 1429 1640 1478 Re-
1673 1437 1680 1440 '

294 1493 478 1556 spondit
513 1493 776 1542 Herennius
809 1494 962 1541 Pollio
991 1493 1214 1539 instanter
1235 1501 1281 1540 et
1299 1493 1528 1555 graviter:
1564 1494 1640 1543 de·

294 1557 401 1605 inde
424 1559 729 1622 Theophanes
751 1575 921 1606 rursus.
957 1557 1087 1604 Fecit
1107 1558 1232 1604 enim
1252 1557 1339 1604 hoc
1361 1573 1565 1622 quoque,
1588 1567 1641 1606 ut

296 1631 471 1680 caetera,
503 1623 919 1686 impudentissime,
955 1621 1095 1684 quod,
1130 1629 1236 1684 post
1265 1621 1380 1669 duos
1415 1630 1461 1669 et
1483 1638 1640 1671 oonsu-

292 1687 409 1736 lares
432 1698 477 1736 et
496 1687 702 1743 disertOS,
726 1696 909 1750 tempus
931 1687 1037 1745 sibi,
1072 1694 1119 1733 et
1139 1685 1328 1749 quidem
1349 1686 1520 1746 laxius,
1543 1688 1642 1736 vin-

294 1751 475 1800 dicavit.
531 1751 669 1799 Dixit
689 1753 738 1798 in
761 1759 959 1809 noctem,
997 1759 1136 1813 atque
1157 1751 1296 1798 etiam
1319 1759 1468 1811 nocte,
1501 1751 1640 1801 illatis

294 1816 509 1864 lucernis.
556 1817 743 1863 Postero
765 1816 840 1863 die
862 1823 1052 1878 egerunt
1073 1830 1156 1878 pro
1178 1816 1323 1862 Basso
1341 1815 1582 1864 Homulus
1599 1826 1642 1866 et

295 1880 485 1940 Fronto,
508 1880 725 1928 mirificet
761 1889 980 1942 quartum
1001 1877 1124 1926 diem
1140 1879 1431 1942 probationes
1451 1895 1642 1944 occupa·

295 1953 473 1992 verunt.
532 1945 726 1992 Censuit
745 1944 934 1992 Baebius
958 1945 1136 2000 Mater,
1169 1943 1331 1991 consul
1359 1943 1638 2007 designatus,

296 2011 398 2071 lege
431 2009 789 2072 repetundarum
824 2009 1027 2056 Bassum
1063 2009 1238 2062 teneri3
1275 2007 1434 2070 Caepio
1469 2007 1562 2056 His
1622 2044 1638 2070 ,

296 2073 425 2121 salva
445 2073 684 2136 dignitate,
704 2073 879 2134 judices
901 2071 1106 2129 dandos3
1141 2081 1334 2136 uterque
1356 2079 1489 2120 recte.
1589 2076 1638 2121 ui

297 2137 395 2185 fieri
430 2147 595 2202 potest,
632 2138 805 2200 inquis,
844 2153 955 2185 cum
991 2145 1088 2183 tam
1125 2137 1304 2184 diversa
1345 2137 1601 2185 censuerint
1615 2141 1638 2188 Ρ

298 2202 425 2261 Quia
458 2203 629 2249 scilicet
666 2211 711 2250 et
750 2203 930 2261 Macro,
965 2202 1118 2264 legem
1153 2199 1368 2261 intuenti,
1403 2212 1639 2250 consenta-

287 2277 439 2313 neum
472 2266 562 2313 fuit
591 2266 810 2314 damnare
831 2281 958 2324 eum,
992 2265 1076 2330 qui
1097 2273 1255 2312 contra
1274 2265 1425 2328 legem
1446 2281 1638 2315 munera

296 2345 399 2377 acce
432 2339 556 2386 erat3
580 2339 626 2377 et
640 2329 817 2394 Caepio,
841 2345 948 2378 cum
961 2337 1144 2394 putaret
1153 2329 1288 2376 licere
1301 2330 1481 2376 senatui
1501 2331 1638 2384 (sicut

290 2393 403 2441 'licet
460 2403 505 2442 et
534 2394 747 2457 mitigare
777 2396 919 2458 legeS,
955 2403 1000 2441 et
1029 2391 1280 2450 intendere,
1319 2407 1416 2440 non
1447 2393 1544 2442 sine
1565 2409 1634 2443 ra-

296 2457 421 2506 tione
440 2458 622 2506 veniam
642 2457 769 2506 dedit
788 2459 926 2517 facto,
960 2456 1098 2505 vetito
1125 2456 1332 2520 quidem,
1366 2471 1460 2505 non
1482 2466 1634 2508 tamen

294 2521 527 2570 inusitato.
562 2523 811 2570 Praevaluit
832 2521 1056 2570 sententia
1077 2520 1318 2583 Caepionis.
1335 2520 1632 2580 -Quinimmo

300 2585 588 2651 consurgenti
616 2587 658 2635 ei
680 2586 737 2634 ad
760 2584 1037 2636 censendum
1057 2585 1358 2634 acclamatum
1392 2594 1478 2644 est,
1509 2587 1632 2650 quod
