1877 2869
536 119 762 170 PLINII
802 119 1017 170 Erls'r.
1056 122 1155 170 111.
1190 116 1291 170 2l.‘
1506 117 1565 167 m

229 249 572 312 recuperatoriis
597 250 798 312 judiciis,
833 251 896 299 sic
915 265 1017 308 nos,
1039 252 1088 299 in
1108 251 1181 298 his
1203 249 1416 306 comitiis,
1438 248 1573 312 quasi

230 321 416 376 repente
437 315 725 378 apprehensi,
751 315 912 363 sinceri
925 315 1102 377 judices
1122 315 1313 363 fuimus.
1350 315 1467 361 Haec
1490 313 1573 360 tibi

231 378 406 440 scripsi,
429 379 650 442 primum,
674 391 728 427 ut
749 381 924 444 aliquid
954 382 1062 428 novi
1090 381 1363 436 scriberemg
1388 377 1571 435 deinde,

233 449 288 488 ut
310 456 644 506 nonnunquam
677 445 736 491 de
766 445 1001 508 republica
1032 446 1273 510 loquerer3
1309 445 1441 504 cujus
1474 458 1575 490 ma-

235 506 360 552 teriae
396 507 530 554 nobis
567 519 742 571 quanto
771 510 914 556 rarior
946 525 1087 573 quam
1121 509 1347 556 veteribus
1378 506 1570 565 occasio,

233 579 362 618 tanto
390 571 546 619 minus
577 573 830 621 omittenda
861 581 940 620 est.
994 575 1060 621 Et
1082 571 1311 637 (hercule)
1334 586 1575 636 quousque

233 633 315 680 ina
335 635 578 698 vulgaria?
614 637 802 696 “Ehoj
839 639 952 701 quid
974 639 1105 702 agis?
1139 636 1303 700 ecquid
1335 633 1573 684 commode

235 699 359 746 vales
378 701 438 747 ?''
481 699 698 749 Habeant
719 715 884 750 nostrae
903 717 1090 766 quoque
1116 701 1261 749 literae
1280 697 1457 764 aliquid
1478 713 1571 746 non

235 762 434 822 humile,
457 779 540 813 nec
561 767 815 824 sordidum,
846 781 929 814 nec
960 767 1148 830 privatis
1170 767 1304 812 rebus
1324 765 1571 828 inclusum.

235 827 358 875 Sunt
382 827 582 892 'quidem
621 839 785 878 cuncta
821 833 908 878 sub
946 831 1085 879 unius
1117 829 1319 884 arbitrio,
1354 829 1453 891 qui,
1488 841 1573 890 pro

234 891 434 939 utilitate
467 895 718 954 communi,
746 896 869 942 solus
901 895 1111 942 omnium
1144 909 1275 942 curas
1306 893 1575 955 laboresque

234 956 434 1020 suscepit
448 973 464 1004 ε
499 958 688 1021 quidam
721 967 894 1017 tamen,
918 960 1089 1007 salubri
1112 966 1489 1022 temperamento,
1512 955 1573 1003 ad

235 1034 320 1068 nos
358 1037 561 1085 quoque,
597 1024 726 1072 velut
757 1024 844 1072 rivi
881 1039 941 1071 ex
974 1025 1055 1071 ino
1088 1021 1417 1086 benignissimo
1446 1020 1575 1068 fonte

173 1095 186 1110 ⁶
234 1084 507 1134 decurrunt:
532 1103 648 1150 quos
667 1095 713 1135 et
733 1087 915 1135 haurire
933 1089 1041 1152 ipsi,
1065 1097 1110 1136 et
1130 1087 1394 1136 absentibus
1414 1085 1575 1134 amicis

233 1151 366 1213 quasi
386 1150 646 1200 ministrare
664 1153 878 1216 epistolis,
899 1167 1159 1216 possumus.
1181 1151 1317 1200 Vale.

493 1344 632 1407 (21.)
671 1348 726 1396 C.
750 1349 945 1396 Plinius
968 1347 1138 1395 Prisco
1158 1363 1242 1424 suo
1263 1347 1315 1396 S.

296 1475 477 1535 Audio,
515 1476 756 1524 Valerium
798 1477 1065 1525 Martialem
1104 1477 1359 1536 decessisse,
1395 1484 1441 1523 et
1471 1490 1573 1523 mo·

233 1538 346 1588 leste
379 1540 490 1587 fero.
541 1540 657 1588 Erat
694 1542 834 1589 homo
858 1540 1138 1604 ingeniosus,
1172 1552 1349 1598 acutus,
1376 1556 1493 1598 acer,
1528 1549 1575 1587 et

235 1605 319 1668 qui
338 1606 596 1667 plurimum
618 1606 666 1653 in
689 1606 924 1653 sciibendo
945 1616 993 1653 et
1011 1606 1120 1654 salis
1140 1606 1327 1654 haberet
1357 1613 1404 1653 et
1432 1603 1573 1663 fellis,

234 1683 319 1717 nec
339 1670 547 1717 candoris
569 1670 738 1719 minus.
805 1671 1079 1718 Prosecutus
1110 1686 1235 1718 eram
1264 1667 1427 1716 viatico
1455 1683 1575 1715 sece-

236 1733 450 1781 dentem:
482 1734 696 1783 dederam
718 1735 804 1783 hoc
824 1734 1054 1792 amicitiae,
1076 1734 1291 1781 dederam
1312 1732 1451 1780 ctiam
1475 1747 1575 1779 ver·-

235 1798 406 1856 siczssis,
430 1814 547 1861 quos
567 1798 625 1846 de
647 1815 722 1847 me
743 1800 1011 1863 composuit.
1068 1799 1180 1846 Fuit
1207 1797 1347 1846 moris
1376 1796 1572 1861 antiqui,

234 1878 331 1922 eos,
367 1863 451 1926 qui
489 1864 562 1911 vel
600 1864 886 1927 singulorum
917 1864 1077 1911 laudes
1110 1864 1180 1911 vel
1212 1862 1399 1910 urbium
1432 1862 1573 1925 scrip·

233 1936 400 1981 serant,
440 1936 522 1975 aut
555 1928 804 1977 honoribus
839 1938 922 1976 aut
958 1928 1153 1991 pecunia
1186 1942 1374 1975 ornare:
1409 1925 1575 1974 nostris

232 2007 342 2065 γει-ο
359 1993 660 2066 tarmei-ibus,
695 2002 750 2041 ut
779 1992 870 2039 alia
889 1992 1093 2056 speciosa
1115 2002 1161 2039 et
1182 1992 1379 2067 egregia,
1402 1992 1467 2037 ita
1487 1991 1575 2037 hoc

229 2056 1575 2185 flami,{ffissssi‘quffqffl'inpssssfflssssssffiussssffiss

230 2184 314 2248 qui
348 2184 444 2232 sint
477 2185 702 2244 versiculi,
739 2188 908 2250 quibus
942 2185 1139 2249 gratiam
1171 2186 1344 2233 retuli?
1392 2184 1590 2231 Remit:

232 2258 377 2297 terem
401 2258 446 2297 te
467 2248 703 2313 adipsum
725 2252 961 2307 volumen,
984 2250 1071 2297 nisi
1093 2249 1318 2313 quosdam
1340 2257 1541 2297 tenerem
1556 2263 1571 2293 ε

233 2324 304 2371 tu,
327 2313 368 2361 si
385 2314 640 2376 placuerint
660 2315 727 2373 hi,
755 2324 936 2363 caeteros
958 2313 1007 2360 in
1028 2314 1146 2361 libro
1178 2314 1391 2377 requires.
1439 2312 1578 2359 Ano-

233 2378 397 2441 quitur
412 2378 638 2435 Musam3
662 2380 868 2439 mandat,
892 2390 947 2426 ut
967 2378 1160 2426 domum
1180 2394 1334 2426 meam
1354 2376 1580 2441 Esquiliis

233 2451 430 2505 quaerat,
453 2442 587 2491 adeat
607 2453 885 2493 reverenter:
969 2484 974 2489 .

363 2570 472 2631 Sed,
495 2586 554 2621 ne
574 2580 780 2637 tempore
801 2588 894 2621 non
916 2582 999 2619 tuo
1017 2571 1233 2619 disertam

362 2636 527 2685 Pulses
547 2637 672 2687 ebria
689 2640 900 2703 januam,
922 2636 1091 2685 videto.
