1877 2869
523 110 748 161 PLINII
793 108 1011 163 EPIS'r.
1048 113 1199 162 vm.
1232 114 1312 162 21.
1505 112 1601 159 215

257 237 398 285 hunt.
455 237 662 296 Constat,
683 256 862 305 pecora,
885 242 1050 291 herbas
1070 250 1241 301 seeum,
1276 241 1340 290 sie
1359 240 1409 289 in
1428 242 1608 291 insudas

257 300 384 375 illas,
413 310 479 377 ,ut
503 304 554 351 in
585 314 840 355 extremam
871 307 1040 371 ripam,
1072 307 1314 372 procedere
1333 306 1494 367 solere,
1516 322 1603 355 nec

258 380 392 429 prius
409 367 662 431 mtelligere
681 372 852 419 mobile
879 372 1048 431 solum,
1069 386 1230 436 quam,
1252 370 1375 419 litori
1396 386 1425 418 a

259 430 396 493 quasi
415 432 542 479 illata
563 442 610 480 et
625 434 855 497 imposita,
877 436 1207 483 circumfusum
1228 436 1435 499 undique
1449 436 1605 484 lacum

259 504 474 557 paveant·
497 497 636 556 Mox,
657 514 752 562 quo
765 500 923 547 tulerit
934 509 1115 559 ventus,
1133 515 1329 563 egressa,
1346 514 1439 547 non
1454 500 1606 563 magis

261 573 316 606 se
335 559 618 609 descendisse
649 563 832 619 sentire,
869 580 1012 627 quam
1052 564 1275 613 senserint
1303 564 1601 612 adscendisse.

261 622 402 671 Idem
422 625 548 672 lacus
566 626 616 672 in
637 627 811 675 flumen
833 629 1049 691 egeritur,
1083 627 1227 693 quod,
1257 628 1339 675 ubi
1363 643 1411 676 se
1430 629 1605 692 paulis-
1658 664 1671 677 ,

260 702 350 750 per
367 689 514 737 oeulis
543 690 685 749 dedit,
721 707 860 755 specu
890 693 1130 757 mergitur,
1164 693 1347 755 alteque
1366 692 1603 740 conditum

260 760 390 799 meat
403 770 418 799 ε
441 768 512 811 ac,
534 754 573 802 si
594 755 726 818 quid,
749 765 856 804 ante
886 772 1031 821 quam
1053 757 1396 816 subduceretur,
1419 757 1606 820 accepit,

261 826 416 890 sunt
435 825 482 864 et
499 820 686 882 profert.
743 820 861 869 Haee
893 822 979 869 tibi
1010 821 1182 886 scripsi,
1215 820 1327 885 quia
1348 834 1432 867 nee
1451 822 1607 869 minus

261 890 440 943 lgmta,
457 898 600 946 quam
617 884 751 945 mihi,
773 900 857 933 nec
868 886 1025 934 minus
1039 894 1186 949 grata,
1200 884 1455 933 credebam.
1477 886 1608 933 Nam

261 954 314 991 te
335 956 613 1060 quoquegaiit
633 964 728 1011 me,
761 950 877 997 nihil
909 966 1056 1017 aeque,
1090 964 1147 998 ac
1170 958 1349 998 naturae
1367 963 1507 1013 opera
1526 950 1609 999 de-

261 1009 448 1059 lectam.
577 1028 618 1061 e.

497 1206 640 1272 (21.)
675 1209 734 1257 c.
759 1210 957 1258 Plinius
976 1208 1193 1293 A'rrtano
1212 1223 1296 1257 mo
1316 1208 1369 1257 ,9.

299 1398 313 1410 .
329 1333 400 1409 ἷζε
418 1332 468 1382 in
489 1334 601 1395 vita,
624 1336 757 1385 sicin
778 1337 957 1396 studiis,
982 1336 1345 1400 pulcherrimum
1367 1345 1412 1385 et
1432 1328 1602 1386 human

261 1413 510 1448 russanum
544 1402 738 1461 aestimo,
773 1402 1057 1450 severitatem
1094 1402 1447 1466 comitatemque
1488 1403 1602 1452 mis-⁶

263 1479 384 1522 cere,
397 1479 457 1512 ne
467 1465 550 1512 illa
562 1465 612 1513 in
625 1467 874 1526 tristitiam,
892 1468 991 1514 haee
1004 1467 1053 1514 in
1070 1466 1389 1530 petulantiam,
1400 1467 1610 1528 excedat,

264 1527 382 1586 Qua
401 1530 575 1578 ratione
595 1531 775 1592 ductus,
809 1531 1017 1594 graviora
1040 1546 1177 1594 opera
1206 1529 1384 1578 lusibus
1398 1530 1606 1594 jocisque

261 1592 514 1655 distinguo.
571 1594 655 1642 Ad
675 1587 760 1643 hos
779 1594 1084 1658 proferendos,
1118 1603 1165 1642 et
1182 1604 1367 1657 tempus
1388 1602 1434 1640 et
1452 1594 1607 1642 locum

261 1659 706 1724 opportunissimum
739 1659 878 1724 elegi=
914 1669 1059 1722 utque
1088 1660 1188 1720 jam
1222 1673 1346 1705 nunc
1381 1673 1609 1706 assuesce-

261 1733 370 1772 rent
389 1733 436 1771 et
455 1727 514 1772 ab
535 1725 688 1772 otiosis
709 1732 755 1771 et
781 1724 829 1770 in
851 1724 1047 1772 triclinio
1077 1722 1244 1781 audiri,
1277 1721 1413 1770 Julio
1431 1735 1607 1784 mense,

177 1799 188 1805 ·
261 1803 362 1852 quo
381 1789 586 1836 maxime
619 1789 724 1836 lites
755 1788 1131 1852 interquiescunt,
1164 1787 1323 1850 positis
1344 1795 1449 1834 ante
1468 1786 1609 1836 lectos

264 1852 510 1913 cathedris,
538 1853 706 1902 amicos
726 1849 954 1902 collocavi.
1003 1853 1141 1900 Forte
1161 1851 1341 1909 accidit,
1374 1861 1429 1898 ut
1448 1866 1501 1898 eo
1531 1851 1610 1900 die

263 1933 408 1967 mane
427 1917 477 1964 in
497 1918 838 1966 advocationem
871 1917 1074 1965 subitam
1098 1931 1310 1980 rogata-3
1344 1916 1470 1979 quod
1490 1916 1609 1963 mihi

265 1997 455 2032 causam
484 1981 798 2046 praeloquendi
823 1980 965 2030 dedit.
1020 1982 1138 2030 Sum
1169 1980 1294 2028 enim
1322 1980 1607 2045 deprecatus,

263 2060 329 2096 ne
343 2047 465 2110 quis,
487 2057 542 2095 ut
556 2047 875 2095 irreverentem
893 2047 1059 2110 operis,
1082 2052 1308 2108 argueret,
1332 2044 1477 2107 quod,
1498 2045 1613 2093 reci·

265 2121 468 2170 taturus,
487 2125 772 2175 quamquam
795 2119 842 2158 et
861 2111 1019 2160 amicis
1039 2118 1086 2158 et
1104 2110 1279 2173 paucist,
1292 2109 1417 2156 idem
1436 2110 1610 2157 iterum

264 2177 442 2232 arnieiS,
471 2177 587 2234 foro,
609 2185 656 2222 et
675 2175 885 2238 negotiis,
908 2189 1003 2224 non
1024 2173 1359 2222 abstinuissem.
1408 2173 1609 2233 Addidi,

263 2241 396 2290 hune
415 2240 624 2288 ordinem
641 2255 718 2287 me
749 2247 796 2288 et
825 2239 876 2286 in
897 2239 1133 2288 scribendo
1164 2238 1311 2302 sequi,
1345 2245 1401 2286 ut
1420 2239 1615 2286 necessi-

265 2313 386 2354 tates
409 2304 736 2368 voluptatibus,
760 2303 876 2352 seria
891 2304 1109 2366 jucundis
1129 2303 1420 2361 anteferrem,
1443 2317 1495 2348 ac
1516 2301 1614 2364 pri-

267 2386 408 2418 mum
444 2370 620 2427 amieis,
659 2377 761 2416 tum
792 2368 928 2427 mihi,
962 2370 1218 2418 scriberem.
1275 2366 1419 2414 Liber
1444 2365 1536 2412 fuit
1568 2373 1615 2412 et

266 2434 504 2499 opusculis
525 2433 678 2481 varius
699 2441 744 2480 et
763 2433 936 2495 metris.
992 2432 1067 2482 Ita
1087 2433 1303 2490 solemus,
1326 2429 1410 2494 qui
1429 2427 1615 2490 ingenio

267 2513 442 2564 pamm
462 2498 666 2558 fidimus,
684 2498 900 2546 satietatis
919 2499 1179 2561 periculum
1198 2495 1371 2557 fingere.
1406 2490 1615 2540 Recitavi

268 2564 446 2615 biduo:
480 2562 569 2611 hoe
603 2577 810 2611 assensus
839 2562 1127 2610 audientium
1150 2559 1317 2622 exegit.
1353 2557 1421 2604 Et
1439 2562 1617 2610 tamen,

269 2635 330 2676 ut
351 2627 432 2678 alii
451 2635 690 2676 trunsum
709 2626 943 2693 quadam,
960 2626 1303 2690 imputantque,
1326 2619 1453 2684 quod
1470 2626 1623 2665 trans—
