1877 2869
305 78 370 129 64
619 78 852 129 PLINII
895 79 1115 139 EPISsr.
1150 78 1249 129 111.
1282 79 1330 133 7.

295 222 408 255 cum
429 224 460 256 a
479 208 718 257 scribendo
739 216 932 258 vacaret.
988 206 1229 256 Scribebat
1246 206 1453 255 camina
1471 210 1653 271 maJore

295 272 426 331 cura,
448 288 592 336 quam
613 274 798 337 ingenio
813 290 831 320 τ
861 287 1199 335 nonnunquam
1211 271 1385 333 judicia
1403 272 1654 323 hominum

294 337 636 385 recitationibus
667 338 1005 402 experiebatur.
1061 335 1343 394 Novissime,
1363 337 1431 383 ita
1450 338 1654 386 suaden-

295 400 422 449 tibus
458 402 610 461 annis,
649 405 708 453 ab
742 402 870 451 Urbe
900 400 1097 460 secessit,
1136 416 1275 465 seque
1306 401 1357 447 in
1388 400 1661 466 Campania

295 465 472 522 tenuit3
506 481 560 514 ac
587 482 648 515 ne
679 467 880 515 adventu
913 466 1101 527 quidem
1136 466 1245 513 novi
1277 465 1509 529 Principis
1540 467 1654 516 inde

293 538 556 578 commotus
591 540 672 579 est.
733 530 915 595 Magna
952 529 1145 578 Caesaris
1178 530 1299 586 laus,
1336 531 1423 577 sub
1443 546 1539 593 quo
1560 532 1654 581 hoc

295 594 496 642 liberum
517 594 633 643 fuitz
670 611 842 659 magna
873 596 1016 652 illius,
1050 594 1133 657 qui
1164 594 1252 643 hac
1278 594 1489 642 libertate
1508 610 1651 645 ausus

297 666 371 705 est
393 660 476 706 uti.
509 658 626 707 Erat
647 672 874 721 φιλοκαλος
895 674 1043 722 usque
1058 659 1119 706 ad
1134 659 1385 707 emacitatis
1400 661 1652 723 reprehen-

295 722 487 771 sionem.
543 724 709 773 Plures
745 724 908 773 iisdem
946 724 995 771 in
1031 722 1144 772 locis
1176 724 1311 771 villas
1349 723 1647 785 possidebam

295 786 614 853 adamatisque
629 788 778 847 novis,
801 789 971 851 priores
992 788 1267 851 negligebat.
1302 788 1519 835 Multum
1540 790 1653 838 ubi-

295 866 392 915 que
433 852 676 911 librorum‚
721 854 926 901 multum
968 860 1245 912 statuarum,
1284 852 1490 899 multum
1527 853 1651 902 ima-

297 916 484 978 ginum,
508 933 624 981 quas
645 932 738 965 non
759 918 959 965 habebat
978 916 1134 974 modo,
1165 932 1327 965 verum
1350 916 1488 964 etiam
1511 933 1653 967 vene-

297 982 516 1039 rabatur;
552 981 741 1044 Virgilii
761 991 868 1029 ante
889 996 1065 1039 omnen,
1090 982 1221 1041 cnjus
1242 981 1443 1029 natalem
1463 982 1655 1046 religio-

297 1044 394 1091 sius
414 1061 560 1107 quam
579 1062 718 1094 suum
751 1046 1039 1100 celebrabatz
1074 1046 1275 1109 Neapoli
1305 1046 1529 1107 maxime,
1564 1050 1652 1097 ubi

297 1109 638 1159 monimentum
677 1111 777 1172 ejus
811 1110 955 1169 adire,
989 1117 1045 1157 ut
1071 1110 1319 1173 templum,
1342 1110 1529 1159 solebat.
1588 1114 1653 1163 In

297 1172 388 1221 hac
409 1182 510 1221 tran
543 1174 740 1223 uillitate
759 1189 936 1223 annum
960 1174 1177 1237 quintum
1191 1182 1239 1239 et
1258 1176 1654 1239 septuagesimum

299 1191 716 1299 aooesieffielioeto
731 1239 881 1303 magis
895 1254 1082 1303 corpore
1098 1254 1241 1302 quam
1253 1239 1451 1287 infirmo.
1486 1242 1654 1306 thue

299 1302 578 1353 novissimus
597 1319 628 1351 a
648 1304 836 1352 Nerone
857 1303 1005 1351 factus
1026 1311 1095 1351 est
1109 1304 1285 1363 consul,
1308 1304 1375 1351 ita
1388 1313 1655 1368 postremus

299 1382 358 1415 ex
391 1367 626 1429 omnibus,
667 1384 784 1432 quos
821 1368 951 1417 Nero
986 1368 1193 1428 consules
1222 1368 1407 1427 fecerat,
1439 1369 1652 1423 decessit.

305 1429 435 1478 Illud
456 1432 594 1480 etiam
613 1432 814 1481 notabile
831 1451 845 1480 ε
881 1432 1076 1482 ultimus
1098 1449 1157 1482 ex
1179 1433 1457 1483 Neronianis
1484 1452 1656 1486 consu-

298 1496 472 1545 laribus
493 1497 623 1556 obiit,
647 1513 741 1560 quo
761 1498 948 1546 consule
966 1498 1093 1544 Nero
1113 1497 1262 1561 periit.
1312 1499 1456 1558 Quod
1476 1515 1555 1548 me
1576 1517 1653 1550 re·

300 1559 566 1610 cordantem
585 1561 845 1625 fragilitatis
856 1561 1076 1610 humanm
1092 1562 1322 1610 miseratio
1338 1561 1477 1612 subit.
1516 1565 1651 1625 Quid

300 1625 426 1675 enim
449 1634 548 1674 tam
579 1625 916 1684 circumcisum,
955 1636 1052 1674 tam
1083 1628 1237 1686 breve,
1272 1643 1415 1690 quam
1446 1629 1654 1680 hominis

299 1690 398 1740 vita
429 1691 698 1754 longissima
712 1693 735 1740 Ρ
788 1691 967 1740 Annon
1002 1690 1182 1738 videtur
1216 1691 1302 1739 tibi
1336 1689 1470 1742 Nero'
1508 1696 1653 1744 modo

299 1754 459 1814 fuisse,
500 1771 610 1804 cum
639 1755 842 1810 interim,
878 1771 936 1803 ex
968 1755 1043 1802 his
1072 1755 1157 1818 qui
1187 1758 1273 1804 sub
1305 1756 1387 1804 illo
1418 1769 1655 1822 gesserant

301 1820 610 1880 consulatum,
632 1835 770 1868 nemo
787 1821 887 1880 jam
909 1822 1156 1884 superest?
1206 1819 1511 1886 Quamquam
1534 1825 1653 1888 quid

300 1883 389 1931 hoc
409 1884 550 1930 miror
565 1887 587 1932 Ρ
620 1899 686 1930 nu
721 1900 768 1932 er
789 1883 967 1932 Lucius
998 1884 1124 1945 Piso,
1156 1893 1288 1948 pater
1308 1887 1491 1936 Pisonis
1524 1889 1653 1939 illius

299 1946 386 2011 qui
407 1963 436 1994 a
457 1946 646 1996 Valerio
710 1957 806 1997 esto
825 1965 908 2012 per
940 1963 1179 1997 summum
1212 1949 1390 1998 facinus
1410 1953 1461 1999 in
1482 1955 1653 2004 Afric&

297 2011 476 2060 occisus
497 2021 585 2070 est,
618 2012 767 2061 dicere
787 2014 982 2073 solebat,
1020 2017 1057 2043 “
1082 2014 1336 2062 Neminem
1358 2032 1406 2064 se
1426 2016 1580 2066 videre
1600 2019 1653 2066 in

297 2085 480 2135 senatu,
515 2092 659 2140 quem
695 2078 856 2126 consul
895 2077 995 2140 ipse
1034 2079 1309 2126 sententiam
1350 2082 1653 2143 rogavisset.”

304 2140 430 2188 Tam
451 2141 657 2204 angustis
678 2142 884 2190 terminis
916 2150 1059 2190 tantae
1092 2142 1404 2192 multitudinis
1435 2146 1654 2196 vivacitas

297 2204 402 2268 ipss
432 2205 736 2264 concluditur,
774 2215 828 2254 ut
860 2205 979 2252 mihi
1010 2221 1104 2254 non
1137 2207 1272 2254 venia
1302 2209 1454 2257 solum
1476 2210 1651 2275 dignae,

303 2285 465 2316 verum
497 2270 636 2318 etiam
670 2270 826 2328 laude,
861 2270 1104 2319 videantur
1133 2271 1227 2318 inae
1256 2273 1395 2336 regiae
1414 2275 1651 2338 lacrymae.

298 2333 432 2380 'Nam
471 2334 627 2381 ferunt
665 2334 890 2392 Xerxem,
930 2349 1041 2382 cum
1081 2335 1365 2385 immensum
1396 2341 1651 2388 exercitum

297 2397 443 2444 oculis
473 2398 676 2456 obiisset,
707 2397 1035 2461 illacrymasse,
1069 2399 1197 2462 quod
1228 2409 1297 2448 tot
1326 2403 1535 2452 millibus
1556 2413 1655 2453 tam

297 2462 450 2508 brevis
460 2461 720 2510 immineret
735 2478 935 2510 occasus.
968 2462 1059 2510 Sed
1076 2471 1203 2510 tanto
1218 2466 1369 2528 magis
1382 2467 1487 2525 hoc,
1511 2469 1651 2532 quid.

297 2525 414 2588 quid
434 2535 502 2574 est
520 2526 737 2590 temporis
751 2525 899 2574 futilis
921 2534 968 2574 et
982 2527 1159 2584 caduci,
1182 2528 1223 2576 ai
1237 2543 1332 2577 non
1348 2530 1487 2578 datur
1497 2532 1649 2594 factis,

295 2591 433 2654 (nam
454 2590 623 2642 horum
659 2590 852 2638 materia
871 2591 920 2638 in
943 2590 1097 2640 alieni.
1114 2591 1284 2654 manu)
1306 2608 1391 2644 noe
1413 2604 1534 2648 certe
1555 2606 1655 2646 stu.
