1877 2869
329 95 423 143 loo
635 89 860 140 PL1N11
905 52 1369 146 13121'ST.’1V.17

325 221 666 350 fra-tendamus
685 219 898 268 alienam.
933 223 1072 278 Sunt,
1094 220 1177 284 qui
1197 219 1418 276 audiant3
1442 227 1569 278 sunt,
1591 217 1679 282 qui

405 295 513 334 ant·
550 301 634 333 noa
667 285 806 333 modo
825 285 1025 348 dignum
1048 285 1225 348 aliquid
1247 285 1455 344 auribus,
1476 283 1679 347 dignum

331 351 516 411 charus,
539 351 840 398 elaboremus.
871 351 1007 398 Vale.

601 549 622 600 (
641 543 742 607 17.)
781 545 836 592 C·
863 546 1061 592 Plinius
1084 545 1222 594 Gallo
1243 558 1327 590 suo
1350 544 1401 591 S·

395 674 462 722 Et
483 675 718 732 admones,
737 682 782 722 et
797 632 947 736 rogae,
961 682 1016 722 ut
1028 673 1273 748 suscipiam
1290 671 1491 720 absentis
1512 668 1678 719 Corel-

331 739 408 788 liae
440 755 625 788 causam
651 748 808 786 contra
839 737 896 784 G.
923 737 1181 796 Caeciliurn,
1215 737 1450 786 consulem
1472 736 1685 799 designa-

331 813 450 852 tum.
485 804 628 864 Quod
651 803 886 860 admones,
909 802 1077 866 gratias
1098 818 1217 865 ago.
1254 801 1381 865 quod
1402 816 1551 876 rogae,
1568 815 1683 864 que-

331 885 437 916 ror.
473 869 709 916 admoneri
743 867 868 914 enim
903 867 1065 925 debeo,
1104 875 1159 914 ut
1201 866 1360 925 sciam,
1398 865 1547 928 rogari
1586 878 1681 912 non

331 934 494 990 debeo,
517 941 572 980 ut
591 933 776 991 faciam,
789 931 923 1006 'quod
948 901 1065 978 mihi’
1082 946 1176 978 non
1196 931 1344 978 facere
1358 929 1682 992 turpissimum

333 1005 418 1046 est.
455 996 536 1044 Αιι
558 1013 665 1059 ergo
687 996 804 1044 tueri
825 995 1015 1043 Corellii
1036 995 1179 1043 filiam
1192 995 1443 1042 dubitem?
1466 994 1558 1041 Est
1573 993 1681 1057 qui-

331 1061 440 1108 dem
461 1061 579 1108 mihi
610 1076 718 1108 cum
751 1061 854 1116 isto,
889 1069 1047 1107 contra
1080 1075 1227 1136 quem·
1242 1075 1320 1106 me
1341 1059 1554 1116 advocati,
1583 1071 1679 1106 non

333 1125 472 1188 plane
503 1124 760 1182 familiaris,
794 1125 872 1172 sed
905 1133 1063 1172 tamen
1096 1125 1311 1171 amicitia.
1370 1092 1567 1170 Aoeedi’t
1585 1122 1681 1170 huc

333 1189 532 1253 dignitas
552 1189 770 1246 hominis,
805 1199 943 1252 atque
974 1187 1094 1236 hic
1081 1205 1195 1252 ipse,
1219 1187 1295 1236 cui
1316 1187 1573 1234 destinatus
1594 1193 1680 1245 est,

331 1253 510 1310 honor3
544 1256 678 1315 quus
715 1253 846 1302 nobis
879 1253 969 1301 hoc
1000 1254 1150 1313 major
1182 1251 1397 1300 habenda
1428 1251 1684 1298 reverentia

333 1326 421 1377 est,
444 1317 605 1381 quod
586 1333 686 1378 Jam
707 1317 788 1365 illo
807 1317 957 1365 functi
978 1333 1153 1365 eumue.
1199 1315 1427 1364 Naturale
1446 1324 1516 1363 αι
1534 1315 1681 1374 enim,

333 1391 389 1430 ut
409 1397 479 1440 ea,
516 1399 622 1447 quae
645 1383 750 1447 quis
771 1381 965 1446 adeptus
986 1389 1055 1429 est
1074 1383 1191 1457 ipse,
1223 1396 1368 1445 quam
1391 1379 1681 1444 amplissima

333 1447 587 1495 existimari
607 1448 731 1495 velit.
781 1448 873 1497 Sed
903 1447 1041 1505 mihi,
1073 1446 1291 1509 cogitanti
1323 1446 1582 1493 affuturum
1602 1460 1681 1493 me

333 1512 523 1560 Corellii
555 1512 678 1567 filiae,
715 1512 871 1559 omnia
896 1512 986 1559 ista
1016 1510 1185 1574 frigida
1204 1519 1250 1557 et
1270 1510 1427 1557 inania
1448 1510 1680 1558 videntur.

333 1576 620 1625 Obversatur
640 1577 782 1625 oculis
803 1576 881 1623 ille
903 1577 988 1635 vir,
1024 1590 1118 1639 quo
1139 1574 1371 1622 neminem
1394 1582 1503 1621 oetas
1525 1582 1683 1621 nostra

331 1643 606 1705 graviorem,
645 1640 931 1697 sanctiorem,
968 1640 1251 1688 subtiliorem
1286 1638 1502 1703 denique,
1538 1639 1679 1695 tulit·

332 1722 476 1769 quem
513 1722 599 1770 ego
635 1720 744 1753 cum
781 1720 840 1752 ex
873 1675 1175 1752 admiratione
1200 1703 1391 1779 diligere
1424 1702 1679 1766 coepissem,

334 1772 481 1834 (quod
519 1771 698 1818 evenire
733 1778 889 1817 contra
923 1769 1059 1828 solet)
1092 1768 1244 1831 magis
1278 1767 1531 1815 admiratus
1554 1782 1681 1826 sum,

333 1844 530 1947 &⁰3⁰2
529 1833 1115 1956 ¹300P133¹322⁸013133¹¹‘n0n¹
1119 1848 1461 1957 sszssffioefflzff„
1480 1832 1681 1956 {ffiffi'

334 1978 428 2010 non
449 1964 593 2020 triste,
616 1978 709 2009 non
730 1964 906 2009 laeturn.
940 1962 1327 2010 Adolescentulus
1348 1974 1492 2019 eram,
1516 1970 1563 2007 et
1579 1961 1681 2021 jam

333 2026 452 2075 mihi
473 2030 532 2075 ab
553 1997 634 2074 islo
656 2026 870 2085 honor-,a
841 2036 981 2090 atque
1009 2026 1147 2073 etiam
1178 2025 1377 2079 (audebo
1406 2025 1578 2085 dicere)
1610 2040 1683 2072 re-

334 2092 552 2150 verentia,
576 2100 630 2138 ιιι
651 2092 835 2155 aequali,
856 2091 1126 2139 habebatur.
1186 2090 1277 2137 Ille
1296 2105 1429 2138 meua
1448 2090 1498 2136 in
1520 2098 1684 2152 peten-

333 2156 406 2204 dis
425 2157 676 2205 honoribus
697 2156 987 2217 suffragator,
1010 2164 1056 2201 et
1072 2155 1229 2202 testis.
1253 2154 1333 2201 ille
1346 2154 1397 2201 in
1414 2153 1685 2201 inchoandis

333 2221 553 2269 deductor
575 2230 620 2268 et
641 2236 816 2268 comest
842 2220 955 2267 ille
942 2236 990 2267 m
1012 2219 1221 2281 gerendis
1238 2219 1499 2267 consiliator
1519 2227 1566 2265 et
1586 2234 1684 2267 reo-

333 2294 437 2333 tor·
474 2286 554 2333 ille
573 2285 827 2347 denique,'
813 2300 864 2331 m
885 2284 1101 2331 omnibus
1122 2284 1282 2331 officiis
1314 2283 1495 2342 nostris,
1518 2298 1688 2347 quam-

336 2364 481 2411 quam
503 2358 549 2397 et
569 2349 830 2397 imbecillus
845 2356 892 2395 et
903 2348 1070 2406 senior,
1088 2350 1223 2411 quasi
1240 2348 1425 2409 juvenis
1444 2356 1491 2394 et
1508 2347 1691 2395 validus

341 2413 720 2477 conspiciebatur.
744 2412 992 2471 Quantum
1006 2412 1085 2459 ille
1101 2412 1257 2459 famae
1254 2426 1371 2459 mete
1382 2410 1526 2470 domi,
1543 2426 1694 2474 quan-

331 2485 438 2525 tum
469 2478 520 2525 in
555 2477 762 2541 publico,
802 2485 1035 2539 quantum
1066 2476 1208 2523 etiam
1247 2476 1373 2538 apud
1408 2475 1698 2539 Principem,

329 2541 593 2591 adstruxit!
632 2541 780 2597 Nam,
799 2555 909 2587 cum
929 2540 1049 2587 forte
1068 2540 1127 2587 de
1147 2540 1283 2589 bonis
1299 2540 1554 2601 iuvenibus
1570 2540 1698 2603 apud

333 2606 546 2655 Nervam
580 2603 916 2669 Imperatorem
950 2618 1099 2652 sermo
1130 2603 1381 2664 incidisset,
1416 2613 1464 2653 et
1492 2604 1699 2667 plerique
