1877 2869
283 136 375 193 174
583 130 813 181 PLINII
860 130 1077 181 EPIST.
1113 129 1236 180 vn.
1268 134 1316 180 9.

274 276 379 324 quae
394 260 585 319 dixeris,
616 268 719 324 post
738 259 1018 309 oblivionem
1042 269 1302 318 retractare,
1333 259 1489 308 multa
1517 260 1632 309 reti-

274 342 400 386 nere,
414 325 551 389 plura
562 325 771 385 transire,
792 325 884 373 alia
898 326 1230 383 interscribere,
1252 325 1345 373 alia
1363 324 1633 372 rescribere.

274 390 584 439 Laboriosum
612 387 737 437 istud
758 398 805 437 et
826 390 964 437 taedio
991 390 1216 453 plenum3
1247 389 1328 437 sed
1353 389 1633 436 difficultate

272 453 375 519 ipsa
398 454 685 502 fructuosum
714 453 982 502 recalescere
1010 469 1067 501 ex
1096 455 1294 517 integro,
1315 462 1363 502 et
1393 468 1633 501 resumere

273 520 502 582 impetum
513 518 712 565 fractum
725 517 1072 582 omissumque3
1096 528 1343 582 postremo,
1361 532 1484 565 nova
1498 518 1633 565 velut

272 584 483 631 membra
508 590 691 645 peracto
711 583 889 645 corpori
911 581 1133 642 intexere,
1167 598 1253 630 nec
1281 592 1442 630 tamen
1472 582 1632 645 priora

274 650 473 695 turbare.
524 647 628 694 Scio
664 662 790 694 nunc
822 647 909 695 tibi
951 662 1048 694 esse
1088 648 1378 710 praecipuum
1399 646 1628 701 ‚studium

270 711 434 759 orandi
449 729 463 758 =
510 711 593 758 sed
628 726 723 759 non
758 711 863 759 ideo
892 726 1076 775 semper
1103 726 1367 775 pugnacem
1397 710 1548 769 hunc,
1581 718 1629 757 et

274 776 407 839 quasi
426 775 735 836 bellatorium,
766 775 925 823 stilum
957 776 1208 823 suaserim.'·
1247 776 1320 823 Ut
1343 774 1470 823 enim
1491 782 1629 822 terrae

272 840 411 888 variis
431 840 714 903 mutatisque
734 840 1006 899 seminibus,
1028 840 1095 887 ita
1114 840 1301 903 ingenia
1320 848 1479 887 nostra
1498 854 1628 887 nunc

273 905 361 953 hac
372 918 497 953 nunc
512 903 593 952 ills
603 904 917 962 meditatione,
930 904 1209 952 recoluntur.
1242 904 1370 953 Volo
1386 903 1628 951 interdum

270 969 477 1033 aliquem
497 984 557 1016 ex
576 968 767 1015 historia
785 969 942 1016 locum
961 968 1303 1033 apprehendas:
1329 967 1436 1017 volo
1455 968 1628 1030 episto-

272 1034 371 1081 lam
390 1033 657 1096 diligentius
684 1032 881 1080 scribas:
922 1031 1052 1093 [volo
1073 1033 1278 1081 carmina
1291 1031 1333 1099 z]
1368 1047 1482 1079 nam
1503 1048 1628 1095 saepe

272 1098 321 1143 in
348 1098 570 1146 orationes
590 1112 777 1161 quoque
797 1112 891 1145 non
921 1097 1150 1146 historicae
1177 1098 1335 1155 modo,
1369 1097 1452 1145 sed
1479 1112 1628 1159 prope

273 1162 481 1224 poeticae,
514 1161 829 1224 descriptionis
858 1162 1097 1210 necessitas
1129 1162 1323 1218 incidit3
1359 1170 1408 1209 et
1437 1176 1625 1224 pressus

274 1242 423 1274 sermo
443 1242 679 1290 purusque
700 1242 758 1274 ex
787 1226 990 1289 epistolis
1015 1226 1200 1289 petitur.
1251 1226 1345 1274 Fas
1365 1234 1436 1274 est
1457 1233 1505 1273 et
1525 1241 1626 1273 car-

272 1290 403 1338 mine
432 1290 621 1348 remitti,
650 1305 743 1337 non
765 1290 868 1337 dico
894 1291 1113 1338 continuo
1140 1298 1188 1339 et
1213 1292 1371 1353 longo,
1398 1289 1472 1353 (id
1497 1290 1626 1337 enim

273 1354 431 1418 perfici
461 1354 551 1401 nisi
582 1354 632 1401 in
664 1354 759 1403 otio
789 1370 883 1402 non
914 1354 1109 1417 potest),
1141 1355 1222 1403 sed
1256 1356 1344 1402 hoc
1376 1362 1548 1417 arguto
1578 1364 1626 1401 et

272 1419 419 1478 brevi,
440 1418 567 1482 quod
586 1426 693 1482 apte
713 1419 1022 1483 quantaslibet
1049 1419 1368 1494 occupationes
1396 1434 1626 1484 curasque

270 1482 529 1546 distinguit.
576 1484 731 1532 Lusus
751 1493 1001 1541 vocantu13
1037 1485 1115 1532 sed
1132 1485 1184 1531 hi
1203 1484 1334 1532 lusus
1354 1499 1451 1532 non
1471 1484 1626 1532 mino-

272 1563 371 1596 rem
402 1548 637 1597 interdum
668 1549 881 1611 gloriam,
908 1563 1053 1612 quam
1085 1549 1218 1608 seria,
1239 1557 1619 1612 consequuntur:

271 1621 412 1725 atque
430 1613 563 1741 a‹)leo,
588 1615 694 1678 (cur
712 1613 837 1661 enim
858 1621 905 1660 te
924 1613 986 1661 ad
1014 1629 1171 1662 versus
1195 1627 1289 1661 non
1309 1612 1521 1662 versibus
1541 1612 1623 1660 ad-

296 1680 426 1727 'orter
439 1681 462 1728 Ρ

271 1808 343 1856 Ut
361 1809 465 1857 laus
484 1817 555 1857 est
572 1824 703 1870 eerae,
724 1808 880 1858 mollis
900 1808 1156 1872 cedensque
1176 1817 1394 1874 sequatur

338 1873 389 1920 Si
404 1873 559 1922 doctos
580 1874 765 1937 digitos,
783 1875 1004 1937 jussaque
1024 1874 1106 1920 fiat
1125 1889 1273 1937 opus3

272 1936 339 1985 Et
359 1951 484 1986 nunc
504 1937 721 1986 informet
742 1938 967 1999 Μαι-θεῶ,
990 1945 1258 2002 castamque
1278 1937 1570 1997 Minervam,

338 2002 485 2050 Nunc
504 2002 735 2051 Venerem
756 2002 962 2066 effingat,
984 2017 1110 2050 nunc
1131 2002 1326 2050 Veneris
1346 2017 1584 2064 puerum3

272 2067 434 2129 thue
450 2065 564 2114 sacri
584 2067 733 2115 fontes
753 2081 847 2115 non
868 2068 967 2115 sols
986 2067 1198 2115 incendia
1217 2067 1401 2126 sistunt,

335 2133 469 2194 Saepe
490 2131 629 2190 etism
648 2132 798 2188 flores,
822 2147 1056 2194 vernaque
1074 2139 1207 2194 prata
1223 2133 1422 2192 juvant3

272 2195 350 2243 Sic
369 2194 615 2242 hominum
635 2196 874 2258 ingenium
896 2196 1037 2253 flecti,
1059 2195 1259 2258 ducique
1278 2211 1362 2258 per
1383 2203 1502 2243 artes

338 2258 390 2305 N
391 2273 451 2305 on
472 2257 659 2320 rigidas,
680 2258 814 2307 doct&
833 2259 1090 2307 mobilitate
1109 2259 1253 2308 decet.

273 2386 441 2450 Itaque
460 2387 634 2433 summi
655 2395 870 2446 oratores,
900 2387 1077 2436 summi
1097 2389 1238 2436 etiam
1257 2388 1363 2448 viri,
1385 2387 1454 2436 sic
1473 2402 1524 2436 se
1543 2398 1634 2437 aut

270 2452 557 2508 exercebant,
576 2459 656 2497 aut
670 2451 958 2500 delectabant
971 2469 986 2500 ε
1004 2452 1152 2500 immo
1165 2453 1474 2511 delectabant,
1491 2467 1631 2501 exer*

272 2517 542 2578 cebantque.
575 2514 705 2561 Nam
724 2515 899 2564 mirum
920 2525 1004 2575 est,
1028 2525 1081 2563 ut
1101 2517 1175 2564 his
1189 2517 1424 2581 opusculis
1439 2516 1634 2567 azimus

270 2577 551 2637 intendatur,
584 2577 952 2642 remittaturque.
985 2579 1238 2654 Recipiunt
1268 2581 1396 2628 enim
1425 2597 1632 2642 amores,

275 2641 395 2702 odia,
416 2643 525 2702 iras,
548 2641 920 2703 misericordiam,
954 2647 1280 2706 urbanitatem,
1303 2645 1462 2695 omnia
1491 2645 1636 2695 deni-
