1877 2869
290 79 355 124 84
610 77 838 125 PLINII
888 75 1105 124 EPIST.
1143 75 1234 124 1v.
1266 77 1314 122 2.

287 201 470 267 giosum
494 215 576 254 est.
624 205 818 254 Erimus
839 221 949 268 ergo
969 205 1035 254 ibi
1056 202 1353 252 dedicationis
1374 201 1467 260 die3'
1490 211 1635 262 quem

289 269 428 332 epulo
465 271 690 318 celebrare
726 271 956 318 constitui.
1020 269 1329 319 Subsistemus
1362 267 1551 313 fortasse
1588 270 1635 310 et

289 335 525 396 sequenti:
562 335 642 382 sed
663 344 790 382 tanto
811 335 963 397 magis
988 335 1111 381 viam
1144 334 1293 396 ipsam
1320 329 1635 392 corripiemus.

294 398 546 460 Contingat
573 400 712 447 modo
747 410 793 448 te
823 400 1063 462 filiamque
1084 409 1213 445 tuam
1236 397 1373 444 fortes
1393 393 1596 441 invenire
1615 391 1629 438 2

289 477 400 576 1351
421 458 604 523 hilares,
625 474 800 514 certum
822 473 906 524 est,
931 464 971 510 si
986 479 1071 512 nos
1086 461 1339 510 incolumes
1356 457 1629 522 receperitis·

387 543 427 575 e.

533 727 642 788 (2.)
680 727 734 774 C.
761 725 955 772 Plinius
981 724 1209 772 Clementi
1230 735 1313 768 suo
1336 721 1388 768 S.

358 852 570 916 Regulus
597 854 746 900 filium
773 852 959 908 amisitg
994 853 1081 900 hoc
1112 866 1207 898 uno
1238 849 1363 896 malo
1393 847 1629 920 indignus,

292 917 418 980 quod
443 918 594 965 nescio
619 933 678 964 an
711 919 890 966 malum
920 925 1067 980 putet.
1115 915 1233 962 Erat
1264 929 1381 978 puer
1413 912 1527 960 acris
1558 925 1632 956 ln-

292 981 434 1044 genii,
456 982 536 1030 sed
551 982 775 1044 ambigui,
800 980 882 1046 qui
903 990 1059 1030 tamen
1080 988 1233 1043 posset
1254 987 1375 1026 recta
1394 975 1571 1032 sectari,
1594 973 1633 1021 si

292 1055 472 1108 patrem
510 1060 602 1092 non
636 1047 836 1094 referret.
892 1046 1037 1093 Hunc
1068 1044 1281 1106 Regulus
1310 1038 1631 1104 emancipavit,

291 1117 347 1157 ut
377 1110 522 1157 haeres
555 1111 713 1158 matris
745 1110 990 1158 exsisteret.
1038 1109 1361 1172 Mancipatum
1385 1107 1473 1170 (ita
1493 1106 1633 1168 vulgo

291 1189 352 1221 ex
388 1173 593 1223 moribus
617 1175 818 1222 ho'minis
847 1175 1155 1238 loquebantur
1158 1175 1202 1239 >2
1215 1171 1339 1220 foeda
1369 1181 1416 1218 et
1450 1169 1636 1217 insolita

291 1238 558 1301 parentibus
599 1238 896 1302 indulgentiae
937 1238 1231 1286 simulatione
1270 1237 1499 1299 eaptabat.
1553 1235 1636 1282 In-

293 1303 508 1350 credibile
529 1310 627 1360 est;
652 1303 731 1350 sed
753 1303 993 1366 Regulum
1016 1302 1175 1365 cogita.
1215 1299 1461 1348 Amissum
1478 1307 1635 1346 tamen

293 1366 424 1428 luget
456 1367 632 1414 insane.
678 1368 897 1416 Habebat
932 1383 1049 1429 puer
1084 1365 1329 1414 mannulos
1362 1363 1553 1420 multost,
1589 1371 1637 1410 et

287 1432 474 1493 junctos
516 1441 562 1480 et
605 1432 776 1481 solutos
790 1450 804 1479 ε
852 1431 1049 1481 habebat
1082 1446 1215 1479 canes
1256 1430 1452 1490 majores
1486 1426 1637 1476 mino-

295 1512 488 1560 resque:
523 1497 721 1545 habebat
740 1498 973 1555 luscinias,
1002 1496 1231 1559 psittacos,
1265 1494 1467 1543 merulas
1485 1510 1500 1540 ε
1534 1508 1637 1540 om-

295 1576 376 1609 nes
421 1562 632 1625 Regulus
675 1562 792 1609 circa
833 1576 999 1623 rogum
1040 1558 1297 1607 trucidavit.
1362 1558 1465 1606 Nec
1506 1555 1637 1605 dolor

284 1635 391 1674 erat
411 1626 506 1686 ille,
530 1626 609 1673 sed
629 1626 868 1673 ostentatio
889 1624 1072 1671 doloris.
1123 1622 1406 1680 Convenitur
1436 1622 1497 1670 ad
1528 1637 1637 1669 eum

294 1691 416 1738 mira
449 1690 722 1739 celebritate.
777 1689 946 1749 Cuncti
974 1690 1273 1745 detestantur,
1304 1688 1527 1735 oderunt:
1570 1695 1635 1746 et,

298 1755 431 1817 quasi
455 1756 667 1817 probent,
695 1754 828 1818 quasi
855 1752 1068 1815 diligant,
1097 1760 1296 1810 cursant,
1318 1750 1635 1815 frequentant:

299 1818 878 1944 gfflgreliildegioessegdlzdm
888 1816 1470 1929 sigtiitffingunimuss'rgietinse
1512 1890 1639 1927 trans

577 1914 593 1939 ‚
1156 1914 1170 1927 .

301 1946 512 1993 Tiberim
555 1946 605 1992 in
647 1946 808 2004 hortis,
849 1946 901 1993 in
944 1946 1114 2009 quibus
1163 1944 1442 1993 latissimum
1485 1944 1641 1993 solum

300 2010 552 2074 porticibus
583 2009 838 2069 immensis,
872 2010 1025 2074 ripam
1045 2010 1207 2058 statuis
1230 2009 1342 2068 suis,
1364 2008 1637 2076 occupavitg

300 2083 356 2122 ut
377 2083 445 2122 est
462 2075 513 2122 in
535 2075 722 2123 summa
742 2074 933 2123 avaritia
956 2083 1237 2133 sumtuosus,
1260 2072 1321 2120 in
1354 2073 1539 2119 summa
1566 2072 1641 2119 in-

298 2138 446 2186 famis,
465 2138 702 2203 gloriosus.
737 2140 892 2187 Vexat
913 2154 1022 2202 ergo
1042 2138 1272 2187 civitatem
1292 2136 1644 2185 insaluberrimo

301 2212 537 2267 πωροι-ες
573 2212 636 2262 et,
659 2204 785 2267 quod
805 2210 959 2263 vexat,
982 2202 1197 2251 solatium
1227 2210 1376 2265 putat.
1431 2201 1561 2249 Dicit
1593 2216 1643 2249 se

300 2267 420 2316 velle
453 2268 618 2316 ducere
649 2282 871 2316 uxorem=
907 2268 995 2315 hoc
1016 2282 1218 2331 quoque,
1252 2266 1369 2314 sicut
1396 2266 1503 2326 alia,
1536 2280 1644 2329 per-

299 2346 441 2379 verse.
484 2331 666 2380 Audies
686 2332 814 2379 brevi
835 2332 1020 2396 nuptias
1041 2331 1260 2396 lugentis,
1282 2330 1467 2394 nuptias
1488 2329 1640 2385 senis3

304 2410 506 2459 quorum
541 2396 738 2445 alterum
775 2397 1100 2453 immaturum,
1139 2395 1337 2443 alterum
1372 2410 1525 2442 serum
1559 2402 1643 2441 est.

299 2458 442 2507 Unde
465 2460 553 2507 hoc
573 2476 786 2523 augurer,
818 2460 985 2523 quaeris
999 2460 1023 2506 ἲ
1053 2473 1146 2507 non
1179 2459 1291 2522 quia
1320 2458 1519 2506 affirmat
1545 2458 1647 2523 ipse

302 2524 421 2573 (ouo
444 2524 711 2573 mendacius
723 2523 841 2572 nihil
861 2524 974 2583 est),
991 2524 1070 2572 sed
1087 2522 1197 2587 quia
1208 2532 1381 2571 certum
1400 2530 1468 2571 est
1485 2522 1649 2585 Regu.

423 2604 520 2640 esse
539 2588 789 2649 facturum,
813 2587 1041 2655 quidquid
1062 2586 1160 2637 fieri
1180 2602 1275 2635 non
1295 2594 1489 2654 oportet.
1509 2586 1649 2637 vale.
