1877 2869
559 119 788 169 PLINII
833 119 1291 171 EPIST.VI1.4.
1494 125 1587 172 169

238 252 332 299 hac
352 249 506 310 turba,
536 258 592 296 ut
618 259 664 298 te
685 247 884 298 solitudo
902 248 1111 300 delectet.
1158 251 1253 300 Sed
1271 250 1421 316 quid⁰
1408 267 1585 317 impru—

239 317 374 374 dens,
397 331 538 378 quem
566 329 752 362 evocare
783 327 938 373 eonor,
962 316 1143 364 retardo
1156 319 1179 364 Ρ
1227 317 1440 365 Fortasse
1460 319 1586 366 enim

181 409 200 427 .
237 381 318 428 his
348 381 460 444 ipsis
485 378 762 437 admoneris,
795 386 850 426 ut
877 387 924 428 te
954 380 1104 442 magis
1134 396 1189 428 ec
1218 381 1368 444 magis
1398 383 1493 431 otio
1516 383 1588 429 in-

239 445 430 501 volvas3
465 443 590 507 quod
611 457 696 505 ego
715 457 810 490 non
831 444 1065 506 abrumpi,
1088 445 1168 493 sed
1186 446 1445 506 intermitti,
1468 447 1587 495 volo.

179 545 184 552 .
241 511 315 558 Ut
333 509 476 566 enim,
495 509 534 556 si
553 521 732 556 coenam
753 507 840 554 tibi
857 507 1074 567 facerem,
1096 509 1307 560 dulcibus
1328 511 1441 558 cibis
1460 525 1587 560 acres

238 581 492 636 acinosque
511 573 768 630 mis-cerem,
790 579 860 630 ut,
883 573 1075 630 obtusus
1095 573 1189 623 illis
1208 583 1257 622 et
1276 575 1463 634 oblitus,
1486 585 1580 624 sto-

241 638 440 685 machus
465 637 540 684 his
569 636 874 694 excitaretur,
905 637 973 684 ita
1000 651 1125 686 nunc
1150 639 1323 696 hortor,
1349 647 1403 686 ut
1419 641 1585 699 jucun·

239 701 490 750 dissimum
515 717 664 764 genus
683 700 790 748 vitae
817 701 1055 750 nonnullis
1078 701 1311 752 interdum
1328 704 1461 766 quasi
1482 719 1585 753 aco-

241 767 371 817 ribus
393 766 592 815 condias.
625 765 760 816 Vale.

509 958 617 1026 (4.)
655 962 712 1010 c.
736 961 932 1010 Ριεηιω
953 927 1235 1010 Ροηιιοψο
1256 964 1308 1011 s.

253 1129 256 1132 .
308 1089 400 1138 Ais
441 1089 604 1154 legisse
645 1097 692 1138 te
737 1090 1139 1165 hendecasyllabos
1185 1106 1341 1141 meos·
1392 1093 1587 1156 req'uiris

243 1155 386 1204 etiam
421 1154 816 1218 quemadmodum
851 1154 1063 1218 coeperim
1098 1155 1310 1217 scribere,
1342 1157 1501 1217 homo,
1534 1168 1590 1206 ut

243 1219 332 1267 tibi
348 1219 522 1278 videor,
539 1235 738 1279 severus,
753 1229 810 1267 ut
824 1220 920 1283 ipse
935 1220 1095 1273 fateor,
1112 1235 1205 1268 non
1219 1221 1417 1284 ineptus.
1452 1223 1590 1269 Nun·

161 1343 166 1346 Ι
244 1300 406 1347 quam
423 1299 454 1331 a
481 1284 660 1347 poe'tice
689 1284 852 1348 (altius
881 1284 1007 1334 enim
1035 1283 1263 1348 repetam)
1285 1287 1464 1334 alienus
1484 1286 1586 1334 fui.

245 1349 366 1423 quin
384 1348 540 1408 etim,
552 1349 910 1424 ,quatuordecim
931 1356 1069 1398 natus
1090 1363 1248 1404 annos,
1268 1350 1479 1400 Graeeam
1496 1359 1591 1398 tm-

245 1412 448 1477 goediam
481 1413 652 1477 scripsi.
689 1416 724 1443 “⁸
747 1414 951 1473 Qualem
966 1411 1025 1462 ?”
1057 1413 1225 1479 inquis.
1263 1415 1461 1465 Nescio.
1497 1424 1591 1464 tra-
1667 1454 1672 1460 .

245 1478 400 1541 goedia
419 1480 680 1527 vocabatur.
726 1478 865 1538 Mox,
896 1494 1023 1537 cum,
1054 1494 1081 1526 e
1110 1479 1279 1527 militia
1310 1480 1505 1537 rediens,
1538 1481 1606 1527 in·

247 1542 401 1590 Icaria
420 1540 574 1591 insula
589 1543 736 1591 ventis
755 1542 999 1601 detinerer,
1016 1543 1209 1591 Latinos
1228 1544 1413 1607 elegos
1400 1560 1448 1591 ιιι
1471 1545 1591 1592 illud

246 1606 405 1671 ipsum
425 1621 569 1664 mare,
587 1607 828 1671 ipsamque
846 1607 1067 1664 instalum,
1090 1607 1191 1655 feci.
1224 1609 1463 1671 Expertus
1484 1624 1591 1655 sum

246 1688 326 1719 me
359 1641 612 1735 aliquando
645 1681 692 1720 et
722 1672 892 1728 heroo,
926 1672 1317 1735 hendecasyllabis
1344 1687 1471 1719 nunc
1496 1673 1592 1735 pri-

243 1752 414 1794 ιιιιιιιις
450 1752 648 1800 quorum
669 1736 746 1784 hie
765 1706 947 1795 naeniis,
966 1736 1065 1785 haec
1080 1751 1217 1783 causa
1232 1746 1313 1785 est.
1349 1738 1593 1799 Legeban-

245 1810 326 1849 tur
347 1802 397 1848 in
420 1800 706 1849 Laurentino
724 1801 842 1848 mihi
869 1800 979 1849 libri
998 1800 1154 1850 Asinii
1175 1801 1303 1849 Gaui
1326 1802 1387 1849 de
1407 1816 1593 1871 compa-

244 1866 421 1913 ratione
439 1865 583 1939 patris
603 1874 649 1913 et
670 1865 930 1913 Ciceronis:
964 1864 1126 1913 incidit
1154 1866 1439 1929 epigramma
1462 1865 1591 1914 Cic'e-

244 1930 372 1977 ronis
404 1930 454 1978 in
486 1929 706 1977 Tironem
741 1945 912 1978 suum.
952 1929 1077 1987 dein,
1111 1944 1219 1979 cum
1252 1930 1441 1980 meridie
1474 1933 1591 1985 (erat

245 1994 374 2043 enim
396 1992 552 2055 aestes)
569 1994 850 2042 dormiturus
865 2009 944 2043 me
959 1994 1245 2069 recepissem,
1260 2009 1345 2043 nec
1355 1998 1591 2071 &breperet
1656 2038 1671 2057 ,

246 2073 470 2116 somnus,
492 2058 609 2134 coepi
629 2066 854 2133 reputare,
875 2058 1105 2106 maximos
1126 2067 1323 2107 oratores
1343 2060 1431 2108 hoc
1450 2058 1591 2107 studii

245 2138 396 2186 genus
437 2133 484 2171 et
518 2123 570 2171 in
601 2123 982 2172 oblectationibus
1016 2122 1249 2184 habuisse,
1284 2132 1330 2172 et
1365 2126 1417 2172 in
1452 2124 1591 2171 laude

245 2188 470 2251 posuisse.
519 2187 708 2235 Intendi
750 2187 999 2244 animuum
1037 2196 1286 2251 contraque
1324 2188 1591 2263 opinionem

243 2267 423 2310 meam,
444 2260 549 2316 post
576 2252 766 2314 longam
787 2251 1155 2310 desuetudinem,
1176 2268 1259 2315 per
1290 2268 1402 2301 uam
1422 2253 1594 2315 exiguo

245 2317 467 2391 temporis
481 2324 734 2373 momento,
747 2316 825 2364 id
805 2331 984 2392 ipsum,
1001 2316 1129 2391 quod
1140 2332 1219 2365 me
1300 2316 1593 2405 scribendum

245 2380 588 2441 sollicitaverat,
608 2380 683 2429 his
705 2381 910 2429 versibus
929 2380 1143 2429 exaravi.

247 2510 377 2559 Cum
397 2510 540 2560 libros
561 2510 690 2559 Galh
709 2512 728 2559 1
729 2526 925 2574 egerem,
950 2511 1119 2574 quibus
1138 2510 1219 2559 ille
1238 2509 1418 2575 parenti

247 2576 414 2624 Ausus
434 2575 493 2623 de
513 2527 786 2625 Ciceroneeg
749 2576 860 2624 dare
877 2576 1177 2639 palmamque
1192 2573 1437 2635 decusque,

249 2640 538 2691 lascivum
523 2640 680 2691 inveni
701 2641 858 2692 lusum
881 2640 1131 2703 Ciceronis,
1152 2648 1200 2687 et
1219 2638 1301 2751 ³2¹⁰
