1877 2869
279 73 346 120 80
583 67 815 138 ΡΙιῙΝΙΙ
864 65 1081 118 EPIST.
1118 67 1219 118 111.
1253 68 1333 116 20.-

505 260 646 330 (20.)
689 263 747 311 C'.
770 263 967 313 Plinius
990 263 1214 310 Maximo
1234 276 1319 310 mo
1341 261 1394 310 S.
1518 261 1529 288 ¹

343 389 662 440 Meministine
687 399 732 439 te
757 407 878 459 saepe
895 387 1059 454 legisse
1088 399 1283 455 quantas
1314 389 1625 446 contentiones

279 455 487 504 excitarit
507 456 584 504 lex
606 456 878 504 tabellaria?
913 465 1235 530 quantumque
1266 455 1355 518 ipsi
1385 455 1519 504 latori
1552 455 1625 505 vel

279 519 437 584 gloriae
479 519 552 568 vel
593 519 953 582 reprehensionis
990 521 1233 568 attulerit?
1288 521 1361 568 At
1402 535 1529 568 nunc
1568 521 1621 572 in

279 593 458 642 senatu,
481 584 579 634 sine
599 583 696 632 ulla
717 585 1015 644 dissensione,
1036 584 1125 632 hoe
1144 584 1285 642 idem,
1304 593 1359 635 ut
1371 585 1623 648 optimum,

279 649 467 717 placuit.
507 648 688 698 Omnes
713 648 1007 700 comitiorum
1035 648 1109 696 die
1138 649 1327 697 tabellas
1356 649 1623 712 postulave-

279 722 404 762 runt.
451 713 806 762 Excesseramus
827 728 953 772 sane,
976 711 1229 762 manifestis
1250 711 1342 760 illis
1362 713 1627 778 apertisque

281 777 529 842 suffragiis,
568 777 802 826 licentiam
837 777 1124 826 concionum.
1186 777 1298 826 Non
1334 785 1519 840 tenpus
1552 779 1625 830 lo-

314 843 471 902 uendi,
501 857 593 890 non
623 841 803 890 tacendi
833 841 1077 898 modestia,
1099 857 1193 890 non
1214 841 1414 906 denique
1434 841 1625 892 sedendi

281 859 498 972 dignitas,
523 906 876 957 custodiebatur.
940 906 1109 970 Magni
1130 905 1337 970 undique
1357 905 1623 982 dissonique

280 971 524 1020 clamores:
558 972 887 1046 procurrebant
906 986 1066 1019 omnes
1086 986 1195 1018 cum
1218 971 1311 1018 suis
1332 970 1587 1021 candidatis
1604 989 1619 1020 ε

281 1036 432 1082 multa
447 1050 634 1098 agmina
653 1051 704 1084 m
726 1035 896 1094 medio,
915 1035 1146 1098 multique
1162 1035 1337 1094 circuli,
1352 1043 1397 1082 et
1412 1035 1626 1088 indecora
1684 1065 1699 1080 .

279 1099 510 1147 confusio=
547 1099 662 1150 adeo
693 1100 1027 1148 desciveramus
1048 1116 1077 1147 a
1098 1099 1425 1148 consuetudine
1456 1115 1624 1164 paren-

280 1165 400 1224 tum,
437 1164 565 1228 apud
602 1179 717 1228 quos
752 1165 910 1212 omnia
942 1163 1177 1228 disposita,
1210 1163 1464 1222 moderata,
1496 1173 1625 1214 tran-

279 1228 443 1291 quilla,
466 1229 754 1290 majestatem
775 1229 864 1276 loci
884 1228 1201 1292 pudoremque
1226 1228 1497 1278 retinebant.
1532 1230 1624 1277 Su-

278 1303 469 1354 persunt
489 1309 634 1351 senes,
657 1309 716 1340 ex
736 1293 906 1357 quibus
927 1293 1085 1340 audire
1116 1293 1239 1340 soleo
1266 1291 1392 1340 hunc
1412 1292 1623 1342 ordinem

278 1357 581 1405 comitiorum.
609 1357 762 1406 Citato
775 1357 963 1407 nomine
978 1357 1212 1416 canditati,
1235 1356 1471 1406 silentium
1492 1373 1621 1406 sum-

261 1429 442 1479 'mumg
479 1421 659 1471 dicebat
679 1422 778 1487 ipse
797 1438 883 1487 pro
905 1439 983 1481 se3
1018 1422 1161 1471 vitam
1184 1438 1317 1471 suam
1338 1421 1618 1486 explicabat,

277 1494 412 1536 testes
444 1495 491 1534 et
517 1486 774 1535 laudatores
803 1487 961 1546 dabat,
996 1486 1071 1537 vel
1099 1503 1226 1546 eum,
1260 1488 1347 1535 sub
1378 1502 1471 1552 quo
1492 1486 1620 1539 milis

276 1556 468 1611 tavent,
495 1552 568 1599 vel
590 1568 716 1610 eum,
739 1551 816 1601 cui
840 1560 1039 1615 quaestor
1058 1550 1227 1609 fuerat,
1251 1551 1325 1599 vel
1345 1559 1616 1616 utrumque,

275 1614 316 1661 si
337 1624 528 1679 poterat.
561 1616 781 1665 Addebat
801 1616 1027 1679 quosdam
1044 1632 1103 1665 ex
1119 1616 1493 1679 suffragatoribus
1508 1634 1522 1663 ι
1546 1616 1619 1667 illi

272 1680 471 1743 graviter
508 1689 554 1729 et
589 1680 747 1744 paucis
779 1680 1104 1744 loquebantur.
1164 1680 1280 1728 Plus
1322 1679 1427 1740 hoc,
1472 1696 1619 1746 quam

273 1758 441 1808 preces,
473 1744 702 1809 proderat„
759 1744 1115 1809 Nonnunquam
1140 1743 1409 1793 candidatus
1430 1752 1513 1793 aut
1532 1760 1618 1795 na-

273 1807 385 1858 tales
423 1824 526 1857 com
584 1808 746 1869 moris,
779 1822 862 1857 aut
893 1824 1056 1869 annos,
1082 1817 1169 1859 aut
1191 1810 1327 1861 etiam
1352 1824 1519 1869 mores,
1540 1826 1617 1859 ar-

269 1872 454 1935 guebat.
555 1872 744 1921 udiebat
785 1880 969 1921 senatus
1010 1873 1233 1937 gravitate
1269 1873 1472 1923 censoria
1488 1891 1503 1922 ε
1550 1874 1617 1926 ita

270 1937 437 1999 saepius
457 1936 588 1999 digni
608 1953 752 2000 quam
771 1938 958 2001 gratiosi
973 1938 1295 2001 praevalebant.
1330 1938 1455 1997 Quae
1470 1952 1613 1997 nunc,

269 1998 518 2049 immodico
539 2000 696 2051 favore
715 2010 942 2067 corrupta,
977 2002 1037 2051 ad
1062 2002 1202 2051 tacita
1222 2001 1458 2066 suffragia,
1480 2002 1615 2067 quasi

269 2062 330 2112 ad
351 2064 626 2124 remedium,
657 2065 955 2115 decurrerunt
974 2083 990 2124 ς
1022 2066 1149 2131 quod
1176 2066 1360 2117 interim
1381 2066 1520 2130 plane
1538 2083 1613 2117 re·-

267 2128 477 2179 medium
509 2130 631 2179 fuitz
673 2140 770 2179 erat
802 2130 929 2179 enim
955 2146 1131 2179 novum
1162 2140 1209 2179 et
1244 2130 1470 2181 subitum.
1520 2132 1614 2181 Sed

267 2208 442 2254 vereor,
479 2208 555 2254 ne,
592 2194 862 2259 procedente
905 2208 1126 2259 tempore,
1168 2211 1227 2244 ex
1267 2195 1369 2259 ipso
1409 2196 1614 2247 remedio

268 2257 380 2305 vitia
402 2266 658 2307 nascantur.
709 2260 799 2308 Est
819 2258 945 2307 enim
1000 2260 1243 2317 ericulum.‚
1266 2275 1325 2307 ne
1346 2259 1494 2308 tacitis
1515 2260 1615 2309 suf-

267 2320 426 2384 fragiis
439 2322 726 2387 impudentia
741 2324 924 2388 irrepat.
1020 2340 1097 2372 am
1114 2332 1256 2388 quoto
1268 2324 1435 2387 cuique
1451 2324 1615 2374 eadem

267 2385 519 2435 honestatis
540 2402 650 2435 cura
669 2398 856 2448 secreto,
878 2404 985 2451 quae
1005 2388 1162 2452 palam
1176 2388 1200 2435 ’ἐ
1244 2388 1397 2436 Multi
1415 2388 1612 2451 famam,

267 2450 591 2499 conscientiam
623 2451 778 2515 pauci3
801 2461 1029 2500 verentur.
1064 2452 1157 2501 Sed
1184 2452 1325 2500 nimis
1346 2452 1437 2501 cito
1457 2452 1516 2501 de
1535 2452 1615 2501 fu-

266 2513 384 2563 turis
397 2532 411 2561 =
436 2514 640 2574 interim,
661 2515 882 2565 beneficio
902 2516 1197 2575 tabellarum,
1217 2516 1491 2565 habebimus
1510 2532 1616 2566 ma-

267 2578 502 2653 gistratus,
531 2580 615 2645 qui
646 2580 852 2630 maxime
870 2580 972 2631 fieri
1002 2580 1277 2632 debuerunt·
1318 2579 1467 2642 Nam,
1489 2589 1543 2631 ut
1562 2581 1617 2633 iu
