1877 2869
474 78 695 129 PLINII
730 79 1242 131 PANEGYRIGUS
1277 82 1356 130 5⁰.
1483 80 1580 135 337

234 208 383 257 oculis
398 208 561 257 nostris
574 217 783 285 eoetuque
798 209 1028 257 consumis
1043 211 1068 257 ἓ
1107 208 1217 257 Νοιι
1240 206 1579 257 remissionibus

240 272 335 321 tuis
356 272 516 320 eadem
536 272 809 348 frequentia,
831 272 1084 337 eademque
1102 273 1186 321 illa
1203 274 1426 323 sodalitas
1440 272 1582 321 inter-

240 346 311 385 est
324 339 349 385 i’
372 336 481 385 Non
496 336 581 385 tibi
596 352 776 401 semper
789 336 1002 386 inmedio
1009 338 1154 397 cibus,
1168 352 1438 401 semperque
1447 351 1580 384 men-

240 416 293 449 sa
313 401 569 449 eommunis
580 404 603 449 Ρ
637 401 747 449 Non
770 417 828 449 ex
849 402 1058 450 convictu
1074 412 1228 451 nostro
1239 410 1405 451 mutua
1417 402 1581 464 volup-

238 474 312 514 tas
332 468 354 514 Ρ
388 466 500 513 Νοιι
520 480 735 528 provocas
750 464 992 530 reddisque
1012 481 1240 515 sermones
1255 469 1278 514 ἰ’
1302 465 1437 514 Non
1423 480 1578 529 ipsum

235 537 424 605 tempus
453 530 693 605 epularum
713 537 919 591 tuarum,
942 545 1049 579 cum
1064 530 1302 593 frugalitas
1323 530 1579 589 contrahat,

237 592 447 642 extendit
463 593 757 642 humanitas.
744 596 767 627 ⁹
801 594 912 641 Non
934 595 1075 649 enim,
1099 603 1205 643 ante
1225 596 1433 643 medium
1453 594 1578 643 diem

236 658 466 734 distentus
486 658 689 706 solitaria
709 659 853 717 eoena,
875 667 1101 735 spectator
1119 668 1450 735 annotatorque
1469 673 1578 707 eon-

236 721 359 797 yivis
391 722 484 771 tuis
516 722 758 771 immines.
793 735 877 771 nec
899 722 1072 783 jejunis
1101 731 1146 771 et
1165 722 1381 771 inanibus
1411 722 1579 797 plenus

234 786 339 851 ipse
360 795 405 835 et
423 794 623 846 ructans,
646 801 738 834 non
760 795 858 834 tam
870 786 1080 850 apponis,
1099 802 1242 850 quam
1253 786 1414 849 obiicis
1435 786 1576 845 cibos,

228 866 359 915 quos
380 850 635 915 dedigneris
641 850 906 927 attingere·
929 866 1140 926 regi-eque
1159 866 1398 915 perpessus
1419 866 1579 915 super-

236 917 352 965 bam
372 914 504 963 illam
524 915 753 963 convictus
773 914 1130 971 simulationem..
1145 930 1302 963 rursus
1315 923 1362 963 te
1382 915 1554 963 adclan

236 978 466 1027 destinam
490 994 685 1043 ganeam
714 979 1037 1043 occultumque
1065 979 1234 1027 luxum
1261 978 1416 1027 refers.
1449 944 1578 1041 Ergo

234 1058 431 1167 2⁰22ss
438 1058 535 1155 “maed
545 1042 1578 1183 ,ἶῗέἒωωῶᾚέἓὶἕὲιῖῗζξὶῗέἓ

238 1186 381 1228 mun
427 1170 598 1236 quibus
634 1172 764 1219 nulla
796 1172 976 1221 satietas
1003 1171 1148 1229 adest,
1182 1186 1306 1235 quan
1339 1187 1368 1219 o
1405 1171 1578 1221 sincera

237 1236 419 1311 omnia,-
438 1244 485 1283 et
506 1251 628 1293 vera,
650 1244 697 1283 et
716 1244 878 1284 ornata
896 1236 1132 1310 gravitate.
1167 1236 1336 1300 Neque
1350 1236 1474 1284 enim
1494 1245 1578 1284 aut

238 1299 1576 1440 ffi:²⁸¹m⁸22⁸3323³n3233¹22⁸0⁰3ffi⁸2221¹z2m2½ffl23²52ae

240 1430 326 1488 tio,
356 1439 403 1478 et
422 1428 663 1478 liberales·
643 1428 752 1492 Jod,
776 1437 822 1477 et
854 1428 1111 1480 studiorum
1142 1428 1302 1477 honor.
1347 1428 1466 1477 Inde
1489 1428 1576 1476 tibi

238 1510 407 1570 parcus
427 1502 472 1542 et
484 1493 633 1542 brevis
648 1508 855 1553 somnus,
868 1493 1148 1557 nullumque
1159 1508 1315 1542 amore
1329 1493 1474 1542 nostri
1493 1507 1576 1541 an-

238 1558 423 1622 gustius
438 1567 639 1622 tempus,
657 1573 799 1621 quam
819 1557 947 1622 quod
968 1558 1064 1606 sine
1083 1558 1216 1606 nobis
1235 1558 1347 1632 agis.

308 1621 451 1688 (50.)
484 1619 593 1680 Sed,
616 1637 724 1670 cum
752 1624 889 1670 rebus
910 1622 1003 1670 tuis
1024 1630 1078 1669 ut
1105 1621 1346 1686 participes
1366 1621 1575 1685 perfrua—

236 1703 367 1800 {3¹:21⁹
372 1685 1227 1816 3ἓῖῗέῗὲξὲιὲἨῶῗὲ
1231 1694 1577 1808 fflffissffffi

236 1830 303 1864 ne
322 1823 553 1894 stagnum,
586 1829 773 1863 omnem
797 1815 971 1873 lacum,
992 1829 1180 1862 omnem
1212 1814 1352 1862 etiam
1384 1814 1572 1873 saltum,

237 1877 469 1928 immensa
600 1879 773 1927 essione
798 1878 1129 1937 circumvenis3
1163 1892 1247 1927 nee
1273 1877 1411 1926 unius
1429 1877 1575 1926 oculis

239 1943 456 2002 flumina,
497 1951 644 2003 untes,
665 1942 812 1991 maria
831 1942 1106 1991 deserviunt.
1152 1943 1256 2001 Est,
1273 1943 1405 2018 quod
1421 1943 1576 1990 Caesar

236 2023 337 2058 non
365 2023 505 2056 suum
533 2007 720 2065 videat,
760 2006 1078 2070 tandemque
1063 2007 1312 2082 imperium
1326 2006 1572 2070 Principis,

237 2087 385 2148 quam
398 2070 743 2148 patrimonium,
760 2073 913 2134 majus
924 2080 1010 2120 est.
1040 2071 1204 2119 Multa
1219 2071 1342 2120 enim
1359 2086 1418 2118 ex
1432 2071 1575 2134 patri-

238 2135 401 2187 monio
420 2135 589 2184 refert
574 2152 625 2184 ιιι
644 2136 907 2200 imperium,
930 2152 1038 2200 quae
1057 2135 1228 2201 priores
1249 2133 1484 2198 Principes
1499 2150 1575 2184 oc-

238 2202 491 2277 cupsbant,
512 2215 607 2248 non
626 2209 683 2249 ut
701 2201 792 2264 ipsi
819 2200 1098 2260 fruerentur,
1121 2199 1202 2248 sed
1221 2214 1282 2248 ne
1313 2199 1420 2263 quis
1440 2200 1574 2247 alius.

234 2265 404 2342 Ergo
388 2281 440 2319 ιιι,
459 2265 650 2330 vestigia
676 2265 895 2329 sedesque
915 2263 1142 2313 nobilium
1161 2263 1430 2326 immigrant
1443 2279 1576 2327 pares

236 2329 447 2388 domini3
480 2345 565 2378 nec
576 2331 677 2392 jam
698 2329 1050 2378 clarissimorum
1071 2329 1274 2378 virorum
1293 2327 1577 2390 receptacula

236 2396 499 2446 habitatore
514 2409 647 2443 servo
666 2403 894 2453 teruntur,
908 2402 991 2442 aut
1005 2393 1128 2442 foeda
1139 2391 1347 2442 vastitate
1359 2405 1575 2466 procum-

236 2465 374 2513 bunt.
391 2459 546 2507 Datur
566 2457 736 2506 intueri
754 2457 1086 2522 pulcherrimas
1107 2457 1242 2517 aedes,
1263 2455 1444 2503 deterso
1463 2453 1572 2512 situ,

234 2535 396 2576 auctas
414 2539 469 2572 ae
482 2523 701 2588 vigentes.
738 2523 974 2598 Magnum
986 2523 1074 2570 hoc
1089 2531 1244 2576 tuum,
1261 2534 1354 2567 non
1364 2534 1478 2581 erga
1489 2518 1575 2565 ho-

236 2593 387 2644 mines
406 2587 562 2652 modo,
579 2587 658 2638 sed
678 2603 787 2652 erga
806 2596 924 2638 tecta
943 2587 1044 2652 ipsa
1063 2585 1298 2696 ιιιαὶἑιιέι,
1285 2582 1468 2643 ,sistere
1481 2580 1576 2630 rui-
