1877 2869
312 73 411 123 ³1⁰
539 72 709 123 PLIN
710 74 767 123 11
814 68 1323 125 PANEGYRIGUS.
1361 71 1439 121 13.

311 200 609 259 minecolss·
643 217 738 252 non
766 201 1030 265 aliomugis
1055 210 1211 251 tamen
1231 199 1392 249 Deum
1412 198 1670 249 etfamset

312 268 495 329 probas,
518 282 662 330 quam
680 267 843 331 'quod
827 283 927 331 ipse
947 266 1054 315 talis
1074 282 1136 315 es.
1192 267 1251 314 In
1273 265 1493 329 Principe
1513 266 1668 325 enim,

312 330 420 408 qui,-
446 332 589 380 electo
609 347 878 389 successore,
906 332 1005 380 fato
1031 330 1268 389 concessit,
1285 346 1382 378 una
1402 330 1667 394 mdemque

313 396 562 444 certissima
576 396 826 445 divinitatis
841 395 956 445 fides
973 405 1059 456 est,
1075 398 1226 445 bonus
1241 410 1488 443 successor.
1526 396 1668 443 Num

312 474 421 522 ergo
442 460 529 508 tibi
549 476 607 507 ex
635 460 981 509 immortalitate
1008 460 1151 525 patris
1177 459 1354 523 aliquid
1385 458 1667 522 arrogantia

312 524 498 573 accessu
510 528 533 573 Ρ
556 539 673 573 ιιιιιιι
692 526 779 573 hos
798 525 1035 589 proximos
1053 525 1291 572 divinitate
1311 526 1566 588 parentium
1587 523 1667 571 de-

311 585 429 635 sides
458 604 511 637 ac
540 591 757 653 superbos
777 590 948 653 potius,
979 604 1123 653 quam
1151 589 1254 637 illos
1273 597 1450 637 veteres
1475 596 1524 636 et
1545 586 1668 635 anti-

311 666 447 715 quos,
470 654 700 703 aemularis
714 657 739 703 Ρ
770 654 853 729 qui
872 654 993 703 hoc
979 668 1135 718 ipsum
1155 653 1406 717 imperium
1425 654 1665 717 peperere,

311 716 438 779 quod
459 718 599 767 modo
617 719 771 767 hostes
798 718 1060 767 invaserant
1079 726 1543 781 contemserantque;
1585 733 1666 765 cu·

310 780 388 855 jus
410 782 535 845 pulsi
552 782 794 859 fugatique
813 797 906 830 non
935 782 1065 831 aliud
1085 783 1182 845 maj
1184 798 1241 830 us
1259 780 1522 830 habebatur
1542 780 1666 829 indi-

312 844 455 903 cium,
478 862 621 910 quam
642 847 682 896 si
702 847 1076 911 triumpharetur.
1107 847 1238 910 Ergo
1257 846 1548 895 sustulerant
1566 846 1668 894 ani-

311 924 431 968 mos,
461 922 508 958 et
533 912 705 975 jugum
732 920 1054 963 excusserant.
1088 927 1173 961 nec
1199 912 1301 972 jam
1333 910 1584 959 nobiscum
1609 910 1668 959 de

312 944 644 1037 sua’libettate,
672 976 753 1025 sed
778 976 1017 1025 denostra
1044 976 1276 1033 servitute,
1304 976 1668 1025 certabamus:

310 1050 372 1085 ne
404 1038 613 1088 inducias
647 1040 853 1105 quidem,
889 1040 978 1089 nisi
1012 1040 1156 1105 aequis
1192 1038 1554 1100 conditionibus,
1590 1039 1665 1087 ιιι·

310 1100 476 1160 ibant,
510 1103 727 1169 legesque
746 1114 801 1153 ut
820 1105 1092 1169 acciperent,
1113 1104 1302 1153 dabunt.

378 1168 399 1231 (
422 1166 523 1229 12.)
556 1170 629 1217 At
648 1184 773 1219 nunc
792 1170 927 1219 rediit
947 1170 1164 1219 omnibus
1183 1178 1329 1243 terror
1348 1176 1397 1215 et
1416 1176 1598 1231 metus,
1618 1177 1666 1221 et

311 1239 473 1281 votum
503 1233 728 1297 imperata
756 1233 970 1283 faciendi.
1012 1234 1188 1283 Vident
1223 1232 1350 1307 enim
1383 1233 1664 1281 Romanum

310 1295 495 1355 ducem,
532 1313 685 1347 unum
718 1315 777 1348 ex
809 1299 903 1347 illis
928 1299 1159 1347 veteribus
1194 1305 1241 1345 et
1271 1296 1450 1361 priscis,
1485 1299 1666 1360 quibus

311 1358 658 1424 imperatorium
711 1378 882 1413 nomen
934 1362 1168 1413 addebant
1212 1362 1406 1438 contecti
1453 1362 1666 1409 caedibus

312 1426 484 1490 campi,
506 1436 553 1476 et
572 1426 741 1478 infecta
759 1427 959 1478 victoriis
977 1429 1141 1478 maria.
1182 1426 1457 1490 Accipimus
1475 1427 1668 1476 obsides

312 1505 439 1565 ergo,
468 1506 563 1541 non
592 1493 824 1542 emimus.
859 1507 946 1542 nec
971 1493 1234 1568 ingentibus
1255 1491 1472 1540 damnis
1459 1507 1670 1540 immen-

310 1554 464 1618 sisque
482 1557 751 1606 muneribus
770 1558 1062 1622 paciscimur,
1084 1567 1138 1606 ut
1153 1557 1409 1605 vicerimus.
1447 1555 1668 1620 Rogant,

312 1620 604 1698 supplicant·
638 1622 880 1686 largimur,
918 1637 1159 1698 negamus,
1192 1630 1446 1685 utrumque
1475 1635 1541 1668 ex
1575 1621 1668 1670 im-

311 1685 428 1746 perii
455 1686 720 1747 majestate·
734 1695 903 1763 agunt
932 1687 1118 1751 gratiaS,
1149 1686 1233 1751 qui
1261 1686 1666 1749 impetraveruntg

311 1763 405 1796 non
425 1750 598 1800 audent
619 1750 766 1814 queri,
820 1751 960 1800 uibus
978 1761 1200 1827 negatum
1220 1760 1302 1799 est.
1335 1751 1418 1796 An
1439 1749 1670 1810 audeant,

268 1847 275 1874 ,-
312 1813 395 1876 qui
429 1815 591 1870 sciant,
621 1824 667 1863 te
694 1767 965 1865 assessissef
936 1816 1226 1864 ferocissimis
1259 1815 1444 1879 populis
1469 1829 1530 1862 eo
1563 1816 1670 1880 ipso

310 1885 549 2001 {3351’312‘3
564 1879 1672 2058 qssssuffuiff'npaswssefflssjuffssfflffiffiss

311 2005 458 2067 glaeie
489 2007 695 2072 ingentia
727 2017 855 2074 tergo
890 2011 1014 2058 bella
1048 2017 1352 2073 transportat,
1399 2023 1513 2056 cum
1557 2010 1670 2058 fera

311 2078 470 2132 gentoe
499 2087 594 2122 ιιοιι
630 2074 733 2122 telis
760 2075 927 2151 magiS,
950 2089 1094 2149 quam
1123 2089 1207 2122 suo
1235 2073 1364 2132 coelo,
1385 2087 1470 2120 suo
1491 2072 1668 2134 sidere,

313 2147 553 2184 armantur
568 2140 590 2185 Ρ
637 2139 745 2198 Sed,
777 2139 893 2189 uhi·
880 2155 929 2186 ιιι
951 2138 1166 2202 proximo
1187 2146 1256 2197 tu,
1278 2152 1370 2185 non
1391 2151 1526 2184 secus
1548 2153 1608 2186 ac
1626 2137 1668 2186 si

312 2207 505 2248 mutatae
525 2209 789 2265 temporum
810 2203 931 2252 vices
951 2211 1118 2262 essent,
1139 2202 1210 2252 illi
1236 2200 1426 2276 quidem
1447 2200 1667 2250 latibulis

312 2264 407 2310 suis
444 2265 587 2312 clausi
629 2269 935 2324 tenebantur,
968 2275 1123 2316 nostra
1165 2265 1352 2330 agmina
1391 2281 1667 2340 percursare

310 2326 450 2389 ripas,
474 2337 519 2375 et
539 2328 691 2377 aliena
710 2331 962 2392 occasione,
991 2332 1031 2380 si
1059 2333 1360 2395 permitteres,
1389 2329 1478 2389 uti,

310 2405 403 2452 que
422 2391 625 2440 hiemem
645 2408 779 2441 suam
799 2396 1006 2444 barbaris
1025 2395 1208 2455 inferre,
1227 2393 1510 2458 gaudebant.

378 2455 397 2518 (
420 2456 496 2502 13.
504 2454 524 2516 )
570 2456 688 2504 Haec
728 2458 815 2506 tibi
857 2458 986 2521 apud
1028 2459 1182 2516 hostes
1224 2459 1470 2508 veneratio.
1528 2457 1664 2520 Quid

308 2518 435 2578 apud
454 2519 625 2568 milites
639 2523 662 2567 Ρ
697 2536 841 2584 quam
862 2523 1234 2582 admirationem,
1256 2523 1662 2587 quemadmodum

307 2582 583 2643 comparasti
597 2585 620 2630 ἓ
669 2598 776 2630 cum
826 2593 982 2634 tecum
1022 2558 1246 2648 inedinn',
1288 2597 1444 2638 tecum
1483 2587 1664 2640 ferret
