1877 2869
279 75 342 122 88
605 77 829 126 PL1N11
874 73 1088 123 EPIST.
1127 71 1217 122 IV.
1251 74 1297 120 9.

275 201 555 268 λαρυγγιξω.
611 204 700 252 Est
721 204 845 252 enim
869 211 967 251 tam
986 203 1188 267 ineptus,
1224 203 1279 248 u't
1305 199 1452 248 risum

275 268 418 328 possit
454 268 726 332 exprimere,
757 283 901 332 quam
935 268 1179 331 gemitum.
1237 264 1409 314 Credas
1436 278 1532 312 non
1564 263 1623 312 de

277 344 420 393 puero
441 335 680 396 scriptum,
704 333 784 380 sed
805 349 834 380 a
853 348 1011 396 puero.
1044 332 1180 381 Vale.

507 529 618 586 (8.)
653 529 712 575 C.
746 527 945 574 Plinius
976 525 1193 572 Arriano
1224 541 1309 572 suo
1342 526 1395 573 S.

345 654 604 703 Gratularis
656 655 791 713 mihi,
851 655 978 718 quod
1019 654 1271 716 acceperim
1324 659 1621 716 auguratum.

276 719 313 767 J
315 736 398 768 ure
433 721 674 784 gratularis
687 739 701 767 ε
748 719 974 784 primum,
1020 719 1145 781 quod
1186 717 1442 781 gravissimi
1485 716 1623 763 Prin·-

277 784 392 848 eipis
421 785 650 845 judicium
683 785 734 830 in
767 784 1024 831 minoribus
1059 784 1197 830 etiam
1236 785 1371 830 rebus
1405 778 1623 843 consequi

277 849 526 912 pulchrum
548 859 640 898 est:
665 849 848 908 deinde,
866 848 993 911 quod
1014 847 1315 894 sacerdotium
1336 846 1492 910 ipsum
1514 859 1625 892 cum

278 914 480 976 priscum
501 923 548 962 et
569 913 849 976 religiosum,
872 922 975 960 tum
988 912 1075 958 hoc
1090 927 1275 974 quoque
1290 925 1471 958 sacrum
1484 909 1623 973 plane

277 985 325 1024 et
344 978 524 1040 insigne
545 987 630 1034 est,
653 977 778 1040 quod
800 991 892 1024 non
909 976 1131 1024 adimitur
1146 976 1331 1023 viventi.
1364 975 1495 1022 Nam
1511 974 1620 1032 alia,

277 1057 564 1105 quamquam
595 1042 818 1104 dignitate
846 1041 1183 1105 propemodum
1209 1041 1355 1103 paria,
1390 1048 1445 1086 ut
1474 1039 1623 1086 tribu·

277 1115 438 1166 untur,
461 1106 525 1153 sic
545 1107 816 1153 auferuntur
832 1122 848 1161 ς
873 1107 921 1152 in
944 1105 1031 1153 hoc
1050 1105 1247 1152 fortunae
1262 1105 1483 1152 hactenus
1496 1103 1621 1159 lieet,

277 1179 332 1217 ut
365 1171 464 1218 dari
497 1171 652 1234 possit.
709 1170 837 1217 Mihi
859 1184 966 1218 vero
998 1169 1116 1216 illud
1142 1169 1282 1216 etiam
1316 1167 1623 1232 gratulatione

277 1234 474 1298 dignum
495 1235 691 1293 videtur,
714 1235 841 1299 quod
859 1234 1052 1282 successi
1073 1233 1109 1281 J
1110 1233 1207 1280 ulio
1227 1233 1469 1290 Frontino,
1492 1231 1621 1295 prin-

278 1299 371 1362 eipi
391 1299 505 1355 viro,
530 1300 612 1362 qui
631 1315 725 1358 me,
764 1298 1089 1346 nominationis
1124 1297 1229 1354 die‚-
1249 1313 1334 1360 per
1359 1296 1445 1345 hos
1476 1296 1623 1344 conti·-

277 1377 394 1410 nuos
414 1378 574 1422 annos,
597 1363 717 1411 inter
735 1363 986 1411 sacerdotes
1005 1362 1291 1420 nominabat,
1312 1370 1555 1424 tamquam
1572 1361 1623 1407 in

277 1427 432 1475 locum
453 1444 593 1476 suum
613 1438 871 1492 cooptaret3
906 1427 1032 1491 quod
1052 1442 1177 1475 nunc
1196 1436 1387 1475 eventus
1407 1426 1473 1473 ita
1492 1441 1621 1473 oom-

276 1493 502 1555 probavig
525 1502 580 1541 ut
599 1509 691 1541 non
711 1494 955 1540 fortuitum
972 1491 1213 1539 videretur.
1248 1492 1322 1539 Te
1338 1490 1527 1555 quidem
1546 1494 1621 1546 (ut

277 1558 456 1615 scribis)
493 1560 554 1606 ob
591 1559 678 1607 hoc
712 1558 918 1604 maxime
954 1556 1149 1603 delectat
1182 1567 1435 1619 auguratus
1468 1569 1618 1615 meus,

277 1623 402 1685 quod
419 1622 611 1671 Marcus
625 1623 814 1670 Tullius
825 1636 976 1684 augur
987 1619 1091 1667 fuit.
1128 1620 1321 1667 Laetaris
1332 1620 1475 1677 enim,
1494 1618 1622 1682 quod

277 1686 527 1735 honoribus
565 1689 666 1747 ejus
701 1686 928 1743 insistam,
962 1700 1103 1748 quem
1135 1684 1344 1731 aemulari
1373 1684 1424 1731 in
1458 1683 1645 1731 studiis·

277 1752 430 1813 cupio.
487 1751 580 1799 Sed
600 1752 798 1807 utinam,
827 1759 883 1797 ut
903 1749 1203 1797 sacerdotium
1226 1748 1368 1806 idem,
1391 1758 1437 1795 et
1456 1762 1623 1796 oonsu-

277 1815 445 1873 latum‚
468 1816 618 1862 multo
639 1815 775 1861 etiam
803 1815 1016 1874 juvenior
1044 1829 1187 1875 quam
1208 1813 1304 1871 ine,
1338 1828 1442 1860 sum
1466 1827 1625 1860 eonse-

279 1888 444 1935 cutus;
477 1880 544 1925 ita
583 1894 721 1927 senex
759 1880 921 1925 saltem
960 1878 1198 1939 ingenium
1236 1878 1335 1937 ejus
1370 1876 1529 1939 aliqu'a
1562 1892 1623 1924 ex

275 1952 406 2005 parte
441 1945 621 2005 assequi
654 1943 854 2006 possim!
891 1942 984 1991 Sed
1016 1942 1263 1999 nimirum,
1300 1958 1405 2004 quae
1442 1951 1552 1988 sunt
1570 1941 1621 1988 in

277 2020 422 2054 manu
443 2007 704 2067 hominum,
739 2023 794 2053 ea
825 2017 871 2055 et
902 2006 1019 2053 mihi
1050 2016 1094 2053 et
1126 2007 1285 2053 multis
1306 2006 1620 2067 contigerunt:

277 2070 397 2118 illud
420 2086 540 2130 vero,
577 2082 630 2119 ut
661 2071 804 2134 apisci
835 2071 1053 2129 arduum,
1092 2070 1157 2117 sic
1188 2070 1327 2118 etiam
1348 2084 1531 2133 sperare
1550 2071 1625 2117 ni·-

277 2136 428 2183 mium
449 2144 534 2196 est,
557 2137 683 2201 quod
703 2136 804 2183 dari
823 2150 916 2183 non
937 2135 1027 2183 nisi
1048 2150 1077 2182 a
1096 2134 1203 2182 Diis
1222 2144 1385 2199 potest.
1419 2133 1555 2183 Vale.

557 2327 666 2393 (9.)
707 2330 761 2376 C.
799 2330 999 2377 Plinius
1039 2330 1162 2375 Urso
1194 2344 1276 2375 suo
1310 2331 1363 2377 S.

343 2458 545 2506 Causam
573 2474 656 2521 per
689 2458 774 2505 hos
803 2457 900 2505 dies
932 2457 1053 2504 dixit
1073 2455 1234 2504 Julius
1258 2458 1449 2516 Bassus,
1483 2459 1625 2507 homo
1694 2484 1701 2489 ·

278 2521 547 2583 laboriosus,
569 2533 615 2571 et
635 2522 834 2570 adversis
855 2522 950 2569 suis
966 2522 1131 2569 clarus.
1163 2522 1424 2570 Accusatus
1445 2532 1514 2571 est
1534 2525 1624 2573 sub

282 2586 564 2651 Vespasiano
587 2604 614 2635 a
634 2587 822 2651 privatis
843 2587 1055 2634 duobus:
1091 2584 1152 2631 ad
1171 2594 1383 2634 senatum
1405 2587 1624 2637 remissus
