1877 2869
295 101 387 148 148
597 98 825 147 PLINII
869 97 1084 146 EPIST.
1121 97 1213 146 VI.
1251 97 1323 144 16.

288 229 406 276 riam
429 243 526 276 esse
546 229 843 292 propositam.
907 227 1138 287 Quamvis
1153 226 1277 274 enim
1298 223 1638 289 pulcherrima-

288 309 397 340 rum
411 287 550 341 clade⁴
559 301 802 350 terrarum,
819 302 874 340 ut
892 291 1073 356 populi,
1091 300 1146 339 ut
1166 291 1321 349 urbes,
1342 289 1641 336 m-orabili

291 373 415 416 casu,
433 356 566 421 quasi
586 373 764 420 semper
785 357 1005 414 victurus,
1022 355 1264 411 occiderit;
1298 353 1509 418 quamvis
1530 353 1642 416 ipse

289 421 492 487 plurima
503 437 640 485 opera
651 431 696 468 et
711 436 930 469 mansura
944 420 1195 468 condiderit
1208 438 1225 479 ;
1256 419 1461 466 multum
1476 425 1639 464 tamen

449 486 584 534 uitati
604 477 704 548 'ejus
722 487 1000 550 scriptorum.
1015 494 1203 533 tuorum
1226 483 1453 532 aeternitas
1477 481 1639 530 addet.

290 551 527 614 Equidem
547 553 702 598 beatos
713 559 845 614 puto,
859 550 1031 613 quibus
1042 550 1251 597 Deorum
1266 563 1456 595 munere
1468 547 1639 594 datum

291 623 360 664 est
381 624 462 662 aut
488 614 635 662 facere
661 614 912 674 scribenda,
942 624 1022 662 aut
1052 614 1245 662 scribere
1263 612 1490 676 legenda;
1522 613 1642 658 bea-

292 679 490 731 tissimos
505 694 628 732 vero,
649 679 818 742 quibus
831 686 1099 743 utrumque.
1168 678 1354 726 Horum
1376 676 1426 722 in
1438 689 1639 722 numero

291 744 547 792 avunculus
572 759 704 791 meus
729 752 776 792 et
795 743 890 790 suis
905 743 1035 792 libris
1050 751 1097 791 et
1108 742 1201 790 tuis
1216 742 1314 790 erit.
1352 740 1464 800 Quo
1483 739 1640 786 liben-

291 807 386 856 tius
419 807 628 872 suscipio,
661 807 861 872 deposco‘
890 808 1047 868 etiam,
1074 806 1200 871 quod
1228 805 1450 868 injungis.
1514 803 1643 851 Erat

294 872 486 932 Miseni,
517 873 800 936 classemque
823 872 1019 935 imperio
1039 886 1238 936 praesens
1264 873 1462 932 regebat.
1528 868 1640 914 No-

294 952 412 984 num
433 936 660 985 Calendas
675 937 985 1000 Septembres,
1004 936 1121 984 hora
1134 936 1231 984 fere
1248 934 1463 998 septimii,
1484 940 1640 980 mater

293 1016 401 1048 mea
419 1001 591 1048 indicat
611 1002 673 1060 ei,
701 1017 922 1064 apparere
942 1004 1118 1050 nubem
1144 999 1365 1048 inusitata
1385 1006 1432 1046 et
1449 997 1643 1059 magni-

293 1063 456 1112 tudine
469 1072 517 1112 et
534 1067 699 1128 specie.
763 1065 890 1114 Usus
909 1065 991 1113 ille
1010 1065 1120 1124 sole,
1142 1080 1255 1112 mox
1269 1061 1452 1126 frigida,
1474 1069 1640 1124 gusta-

293 1136 419 1176 verat
426 1129 596 1189 jacens,
609 1129 926 1194 studebatque.
952 1129 1106 1177 Poscit
1121 1129 1265 1176 soleas
1279 1144 1296 1184 ς
1318 1125 1551 1175 adscendit
1563 1125 1641 1172 lo-

295 1207 419 1248 cum,
441 1209 500 1241 ex
521 1208 616 1256 quo
643 1194 850 1242 maxime
878 1194 1157 1242 miraculum
1178 1192 1297 1240 illud
1324 1190 1523 1254 eonspiei
1548 1204 1640 1252 po-

294 1265 427 1306 terat.
472 1258 638 1306 Nubes
665 1258 913 1320 (incertum
942 1259 1102 1321 procul
1129 1257 1429 1314 intuentibus»,
1452 1270 1511 1302 ex
1538 1269 1641 1317 quo

297 1331 486 1379 monte3
521 1321 782 1370 Vesuvium
803 1322 945 1370 fuisse
968 1330 1127 1386 postea
1147 1321 1383 1384 cognitum
1406 1318 1497 1380 est)
1516 1319 1643 1366 orie-

295 1387 450 1446 batur,
473 1387 606 1449 cujus
627 1385 977 1434 similitudinem
1004 1394 1049 1434 et
1077 1385 1277 1434 formam
1297 1399 1390 1432 non
1412 1384 1503 1432 alia
1530 1398 1639 1431 ma-

295 1450 370 1514 gis
385 1453 536 1510 arbor,
559 1466 701 1514 quam
717 1451 871 1515 pinus,
895 1452 1179 1515 expresserit·
1204 1448 1641 1513 Nam,longissimo

293 1516 422 1563 velut
441 1524 603 1563 truneo
623 1516 742 1563 elata
761 1516 812 1563 in
824 1516 991 1576 altum,
1010 1515 1287 1579 quibusdam
1300 1514 1441 1562 ramis
1461 1512 1641 1560 diffun-

295 1579 522 1639 debatur3
557 1580 706 1640 credo,
725 1581 852 1644 quia,
875 1580 1045 1629 recenti
1060 1580 1224 1643 spiritu
1245 1588 1415 1637 evecta,
1436 1578 1541 1625 dein
1558 1594 1638 1627 se-

295 1654 508 1695 nescente
538 1661 592 1693 eo
623 1645 856 1705 destituta,
891 1653 973 1692 aut
1004 1644 1143 1693 etiam
1171 1644 1373 1707 pondere
1392 1657 1476 1690 suo
1496 1642 1636 1701 victa,

294 1708 345 1756 in
373 1710 666 1759 latitudinem
699 1711 1021 1765 evanescebat3
1056 1708 1250 1757 candida
1280 1706 1525 1763 interdum,
1556 1706 1639 1754 in·

294 1774 478 1821 verdum¹
503 1774 686 1823 sordida
711 1782 758 1822 et
780 1774 1031 1833 maculosa,
1052 1781 1191 1838 prout
1218 1781 1387 1821 terram
1414 1772 1639 1819 emerem-

295 1852 351 1885 ve
372 1840 628 1887 sustulerat.
673 1838 926 1901 Magnum,
948 1839 1230 1902 propiusque
1254 1836 1553 1895 noscendum,
1576 1846 1639 1885 ut

295 1902 602 1951 eruditissimo
631 1903 746 1961 viro,
769 1903 936 1951 visum.
979 1902 1016 1950 J
1017 1903 1129 1951 ubet
1155 1902 1431 1950 liburnicam
1453 1900 1602 1963 aptari
1616 1918 1632 1949 ε

293 1966 428 2025 mihi,
451 1966 490 2013 si
511 1966 665 2014 venire
684 1966 781 2013 una
799 1968 986 2026 vellem,
1008 1966 1119 2015 facit
1145 1966 1341 2030 copiam.
1376 1963 1635 2027 Respondi,

294 2030 476 2077 studere
495 2045 573 2078 me
591 2031 760 2078 mallee
795 2039 842 2079 et
860 2032 979 2079 forte
998 2031 1113 2095 ipse,
1131 2030 1256 2095 quod
1277 2030 1535 2087 scriberem,
1552 2028 1639 2076 de-

295 2094 438 2142 derat.
475 2093 812 2157 Egrediebatur
829 2095 999 2153 domog
1035 2096 1198 2159 accipit
1218 2094 1461 2144 codicillos.
1499 2093 1638 2139 Reti-

293 2173 367 2206 nee
382 2158 613 2219 classiarii,
627 2159 886 2207 imminenti
907 2161 1112 2224 periculo
1131 2158 1352 2218 exterriti,
1369 2162 1500 2219 (nam
1520 2156 1637 2205 villa

294 2238 348 2270 ea
381 2224 662 2284 subjacebat,
701 2239 786 2271 nec
821 2224 936 2284 ulla,
973 2224 1062 2272 nisi
1088 2224 1299 2283 navibus,
1331 2222 1463 2285 fuga)
1496 2229 1551 2268 ut
1586 2237 1637 2269 se

293 2295 422 2333 tanto
443 2287 692 2335 discrimini
725 2289 932 2353 eriperet,
962 2291 1168 2341 orabant.
1212 2286 1365 2335 Vertit
1384 2286 1463 2332 ille
1483 2286 1637 2333 consi-

291 2350 429 2407 lium,
447 2359 510 2408 et,
533 2351 658 2413 quod
671 2352 872 2399 studioso
887 2354 1043 2399 animo
1055 2352 1361 2410 inchoaverat,
1383 2350 1481 2398 obit
1496 2364 1637 2397 max-

291 2414 403 2463 imo.
440 2412 581 2460 Dedu
609 2414 646 2461 ‘t
696 2416 1004 2473 undriremesg
1028 2415 1261 2464 adscendit
1281 2416 1395 2479 ipse,
1418 2428 1511 2461 non
1534 2413 1637 2462 Re-

293 2478 404 2527 tinoe
423 2476 578 2536 modo,
610 2430 696 2525 seg
709 2478 886 2537 multis,
917 2480 1038 2541 (erat
1058 2479 1183 2527 enim
1204 2480 1418 2543 frequens
1439 2478 1636 2525 amoeni·

293 2552 364 2591 tas
392 2549 502 2601 orae)
524 2542 701 2591 laturus
722 2542 962 2589 auxilium.
999 2544 1222 2606 Properat
1240 2544 1370 2600 illuc,
1404 2541 1531 2589 unde
1549 2542 1635 2589 ani

292 2604 510 2670 fugiunt3
544 2613 813 2668 rectumque
840 2620 1044 2668 cursum,
1077 2614 1198 2655 recta
1228 2604 1555 2670 gubernacula,
1578 2605 1633 2653 in
