1877 2869
589 61 814 112 PLINII
859 62 1077 114 EPIST.
1111 63 1205 113 VI.
1238 66 1319 114 30.
1534 65 1621 112 161

275 209 496 258 agerem3
679 193 875 257 agendo,
912 201 968 241 ut
994 193 1151 242 minus
1180 193 1481 242 commode=”
1515 195 1628 258 quia

279 259 469 322 scilicet,
499 209 764 308 ειὲειιὲιειὶιειιε
790 256 953 319 nimia,
984 257 1179 308 facilitas
1202 259 1352 322 magis
1379 274 1523 322 quam
1553 257 1624 307 fa-

277 326 446 384 cultas,
467 339 550 372 nec
569 323 752 379 fiducia,
775 323 855 371 sed
884 322 1132 384 temeritas,
1154 332 1357 388 paratur.
1397 323 1499 372 Nec
1520 339 1627 372 vero

281 388 490 450 Isocrati,
510 388 760 453 quominus
777 387 1026 436 haberetur
1038 403 1250 436 summus
1270 395 1439 449 orator,
1461 387 1627 444 offecit,

315 454 426 514 uod,
443 453 710 502 infirmitate
723 452 862 514 vods,
875 451 1071 500 mollitie
1087 452 1269 512 frontis,
1290 467 1350 500 ne
1370 451 1420 500 in
1441 452 1630 516 publico

278 471 470 580 giceret,
491 517 842 582 impediebatur.
880 516 1089 566 Proinde
1103 517 1309 564 multum
1324 517 1443 580 lege,
1462 517 1625 576 scribe,

277 583 520 643 meditare,
555 591 611 632 ut
629 581 792 646 possis,
825 597 934 630 cum
965 581 1106 641 voles,
1136 580 1312 630 diceret
1346 579 1485 641 dices,
1518 596 1627 630 cum

277 648 400 698 velle
415 647 614 696 debebis.
649 647 756 694 Hoc
771 645 864 694 fere
881 654 1297 710 temperamentum
1314 646 1411 710 ipse
1425 645 1627 694 servavi:

277 726 620 778 nonnunquam
639 710 910 771 necessitati,
927 726 1035 775 quoe
1048 726 1156 774 pars
1170 709 1357 758 rationis
1372 719 1457 770 εει,
1478 709 1630 773 parui.

280 777 382 841 Egi
409 777 534 825 enim
563 774 790 841 quasdam
818 791 849 823 a
875 782 1039 822 senatu
1064 775 1251 836 jussus3
1285 789 1381 838 quo
1400 782 1555 821 tamen
1578 773 1627 822 in

281 856 480 889 numero
498 839 690 888 fuerunt
709 855 768 888 ex
782 839 867 888 ina
882 837 1103 886 Thraseae
1121 838 1361 898 divisione,
1379 837 1467 886 hoc
1486 845 1555 885 εει
1568 837 1630 885 ad

281 906 554 970 exemplum
668 904 680 915 ’
716 913 857 951 entes
886 902 1027 951 Affui
1039 903 1225 951 Baeticis
1240 910 1398 951 contra
1409 901 1628 950 Baebium

281 970 514 1020 Massam.
611 968 825 1017 uaesitum
853 976 940 1023 est.
959 967 1202 1018 audenda
1222 975 1340 1015 esset
1358 966 1625 1030 inquisitio:

281 1034 396 1084 data
415 1042 496 1084 est.
526 1032 664 1082 Affui
682 1047 857 1092 rursus,
873 1031 1040 1080 iisdem
1056 1032 1353 1096 querentibus
1372 1031 1430 1080 de
1444 1029 1630 1080 Caecilio

283 1098 508 1148 classico.
539 1097 802 1158 Quaesitum
816 1105 901 1156 εει,
914 1111 975 1144 an
988 1097 1301 1160 provinciales,
1314 1104 1369 1144 ut
1381 1096 1525 1144 socios
1539 1093 1630 1142 mi-

283 1163 546 1226 nistrosque
571 1161 872 1226 proconsulis,
901 1161 1040 1226 plecti
1060 1169 1315 1225 oporteret=
1350 1175 1507 1224 poenas
1525 1161 1627 1208 lue-

280 1237 414 1277 runt.
443 1226 675 1278 Accusavi
695 1226 906 1276 Marium
925 1225 1156 1285 Priscum,
1178 1225 1278 1290 qui,
1300 1226 1402 1288 lege
1417 1233 1631 1288 repetun-

282 1292 454 1342 darum
490 1291 754 1350 damnatuS,
790 1292 1006 1338 utebatur
1041 1289 1286 1340 clementia
1320 1289 1455 1354 legis,
1498 1290 1631 1351 cujus

283 1357 573 1406 severitatem
603 1355 892 1404 immanitate
919 1355 1168 1403 criminum
1201 1362 1482 1404 excesserat:
1516 1353 1632 1401 rele-

281 1429 423 1489 gatus
443 1430 528 1471 εει.
558 1421 733 1471 Tuitus
753 1436 861 1469 sum
874 1420 911 1469 J
912 1420 1064 1469 ulium
1080 1415 1305 1475 Bassum,‘
1313 1429 1369 1467 ut
1381 1416 1632 1469 incustodi-

285 1498 392 1537 tum
411 1486 552 1535 nimis
573 1494 620 1535 et
639 1486 895 1546 incautum,
917 1484 985 1535 ita
1003 1485 1197 1533 minime
1224 1484 1403 1533 malum
1418 1501 1433 1532 ε
1464 1482 1631 1545 judici-

285 1554 377 1603 bus
395 1552 610 1616 acceptiS‚
631 1551 682 1599 in
707 1558 868 1599 senatu
888 1550 1121 1599 remansit.
1162 1548 1280 1597 Dixi
1308 1548 1520 1612 proxime
1546 1562 1632 1609 pro

281 1618 494 1677 Vareno,
534 1616 796 1681 postulante
834 1622 889 1662 ut
923 1614 1013 1663 sibi
1044 1614 1241 1664 invicem
1279 1627 1464 1661 evocare
1496 1618 1633 1659 testes

285 1681 446 1731 liceret
459 1696 474 1727 ε
507 1681 809 1745 impetratum
839 1687 920 1727 εει.
968 1678 1031 1725 In
1061 1687 1297 1743 posterum
1331 1685 1458 1740 opto,
1492 1684 1547 1723 ut
1578 1690 1633 1723 ea

285 1746 583 1863 {sofifflum
599 1746 781 1807 jubear,
799 1758 904 1807 quae
918 1758 997 1791 me
1012 1742 1171 1793 deceat
1185 1742 1258 1793 vel
1279 1748 1441 1805 sponte
1460 1739 1633 1789 fecisse.

385 1828 426 1863 e.

390 2004 530 2073 (30.)
566 2007 624 2055 C'.
647 2005 846 2053 Plinius
868 2004 1067 2063 Fabato,
1082 2015 1329 2065 prosocero
1350 2016 1451 2062 suo,
1476 2003 1529 2050 S.

372 2138 619 2189 Debemus
657 2132 959 2193 (mehercule)
998 2132 1173 2180 natales
1209 2140 1313 2179 tuos
1350 2130 1539 2195 perinde
1580 2148 1635 2181 ac

287 2210 471 2255 nostroe
491 2200 733 2259 celebrare,
750 2212 858 2245 cum
877 2196 1037 2245 laetitia
1052 2203 1311 2244 nostrorum
1332 2212 1391 2243 ex
1413 2196 1504 2243 tuis
1524 2210 1637 2259 pen-

289 2270 419 2329 deat,
441 2266 576 2328 cujus
595 2261 836 2327 diligentia
864 2270 910 2309 et
931 2261 1043 2309 cur‘a.
1067 2260 1147 2309 hie
1166 2260 1346 2317 hilares,
1368 2260 1469 2307 istic
1488 2261 1636 2308 securi

291 2347 474 2383 sumus.
519 2329 650 2383 vina
672 2326 967 2385 Camilliana,
990 2340 1133 2389 quam
1160 2324 1210 2371 in
1241 2324 1499 2389 Campania
1530 2340 1637 2388 pos·-

291 2399 432 2458 sides,
463 2402 534 2445 est
553 2392 746 2459 quidem
776 2399 1003 2439 vetustate
1024 2398 1221 2447 vexata3
1254 2405 1311 2437 ea
1332 2398 1507 2447 tamen,
1530 2405 1637 2451 quae

287 2472 401 2514 sunt
427 2458 710 2527 pretiosiora,
739 2464 822 2504 aut
851 2456 1032 2519 integra
1057 2462 1265 2515 manent,
1298 2465 1383 2502 aut
1412 2454 1639 2501 levissime

287 2533 406 2581 laesa
416 2535 540 2577 suut.
574 2521 879 2573 Attendimus
891 2536 1019 2585 ergo,
1031 2529 1085 2569 ut
1098 2534 1243 2583 quam
1256 2517 1552 2567 saluberrime
1564 2532 1637 2563 re-

287 2594 520 2648 fidantur.
551 2590 660 2653 Ego
672 2588 828 2640 videor
838 2586 1007 2637 habere
1018 2584 1191 2635 multos
1206 2583 1394 2694 αξιὲἰίεοε,
1408 2580 1487 2631 sed
1498 2580 1639 2639 hujus
