1877 2869
256 48 347 95 152
552 45 778 95 PLINII
818 42 1036 92 EmsT.
1072 43 1165 93 vl.
1199 46 1281 93 2⁰.

504 192 636 249 (19.)
672 192 729 239 C.
756 191 954 264 Blimina
977 191 1161 251 Nepoti
1182 202 1268 237 wo
1291 191 1344 237 S.

311 306 409 354 Scis
425 316 477 351 tu
495 303 731 353 accessisse
744 303 948 367 pretium
963 303 1104 367 agris,
1121 303 1353 367 praecipue
1369 305 1615 351 suburba-

247 370 320 417 nis
328 368 351 415 :²
372 370 526 419 Causa
538 369 701 418 subitae
711 368 925 422 caritatis,
937 383 1010 415 res
1022 367 1184 415 multis
1195 368 1368 431 agitata
1380 370 1596 415 sermoni
1609 395 1620 405 ·

251 438 355 492 bus,
371 433 594 498 proximis
606 432 801 481 comitiis
814 432 1158 481 honestissimas
1173 448 1304 481 voces
1317 435 1502 480 senatus
1518 449 1618 481 ex-

249 500 412 563 pressit
428 516 443 545 :
482 502 517 527 ‘⁶
536 497 783 545 Candidati
804 512 863 545 ne
884 497 1200 555 conviventur,
1221 511 1282 544 ne
1293 496 1486 545 mittant
1497 513 1622 545 mu-

246 578 375 622 nera,
396 577 456 610 ne
474 562 691 627 pecunias
710 560 989 625 deponant.'’
1035 560 1118 608 Ex
1137 562 1310 624 quibus
1330 560 1424 607 duo
1445 561 1618 623 priora

249 637 346 675 tam
375 636 547 691 aperte,
573 642 717 691 quam
743 624 1006 685 immodice,
1035 625 1240 683 fiebant;
1275 626 1364 674 hoc
1387 625 1615 686 tertium,

283 706 535 755 uamquam
576 691 895 749 occultaretur,
932 705 1021 753 pro
1053 698 1288 755 comperto
1323 690 1614 738 habebatur.

248 709 489 808 (lliomulus
508 754 673 803 deinde
699 763 852 804 noster
872 754 1115 817 vigilanter
1135 770 1246 802 usus
1265 754 1356 802 hoc
1375 769 1617 803 consensu

248 823 446 881 senatus,
468 821 703 869 sententiae
714 819 815 868 loco
830 819 1096 883 postulavit,
1118 826 1173 866 ut
1187 820 1396 867 consules
1416 818 1615 867 deside-

250 886 374 935 rium
388 886 703 934 universorum
728 893 892 933 notum
906 882 1118 948 Principi
1132 882 1352 941 facerent,
1366 892 1614 946 peterent-

250 966 361 1015 que,
394 951 511 998 sicut
541 949 642 997 aliis
664 949 800 1008 vitiis,
834 948 946 996 huic
975 963 1162 1012 quoque
1189 946 1481 1011 providentia
1507 950 1614 997 sua.

251 1022 519 1063 occurreret.
538 1014 766 1062 Occurrit.
794 1014 921 1061 Nam
938 1020 1120 1060 sumtus
1133 1012 1500 1065 candidatorum,
1510 1012 1610 1061 foe.

252 1079 337 1127 dos
368 1078 473 1127 illos
498 1088 544 1127 et
570 1078 789 1135 infames,
819 1077 1020 1125 ambitus
1045 1077 1148 1139 lege
1181 1076 1432 1126 restrinxit,
1475 1076 1610 1125 Eos-

250 1143 359 1191 dem
380 1142 643 1207 patrimonii
671 1141 851 1191 tertiam
880 1150 1058 1205 partem
1086 1140 1289 1189 conferre
1309 1141 1448 1203 jussit
1469 1141 1516 1189 in
1543 1159 1608 1191 ea

252 1224 359 1271 quae
379 1208 475 1257 solo
499 1208 853 1265 continerentur,
876 1206 1080 1253 deforme
1105 1206 1351 1253 arbitratus
1380 1209 1457 1259 (ut
1477 1216 1608 1265 erat)

251 1272 473 1322 honorem
516 1272 754 1336 petituros,
794 1272 992 1331 Urbem,
1038 1268 1334 1333 Italiamque,
1379 1284 1476 1317 non
1508 1286 1607 1333 pro

251 1336 419 1399 patria,
445 1336 525 1385 sed
555 1352 640 1400 pro
670 1335 867 1399 hospitio
898 1344 981 1382 aut
1008 1334 1205 1392 stabulo,
1233 1332 1364 1397 quasi
1391 1336 1604 1397 peregri-

254 1404 433 1461 nantes,
453 1402 633 1450 habere.
665 1400 951 1464 Concursant
971 1414 1080 1463 ergo
1100 1398 1330 1447 candidati
1350 1400 1563 1448 certatim
1582 1418 1602 1458 ς

254 1467 483 1531 quidquid
513 1466 673 1515 venale
710 1465 923 1522 audiunt,
968 1465 1207 1512 emtitant:
1256 1478 1467 1527 quo-que
1500 1465 1604 1512 sint

253 1533 391 1596 plura
410 1531 602 1587 venalia,
618 1530 834 1579 efficiunt.
868 1528 1086 1586 Proinde,
1108 1528 1148 1576 si
1177 1529 1366 1591 poenitet
1387 1537 1434 1575 te
1457 1529 1599 1576 Itali-

253 1612 413 1645 corum
426 1597 722 1660 praediorum,
744 1595 833 1642 hoc
852 1592 1080 1642 vendendi
1104 1600 1306 1656 tempus,
1334 1600 1433 1640 tam
1465 1593 1602 1652 (her-

253 1661 375 1720 cule)
408 1677 550 1726 quam
585 1661 635 1708 in
667 1658 911 1723 provinciis
944 1656 1257 1720 comparandi,
1295 1655 1413 1704 dum
1449 1657 1602 1708 iidem

254 1725 485 1776 candidati
499 1725 595 1774 illic
610 1723 830 1782 vendunt,
852 1731 907 1771 ut
925 1722 1006 1770 hic
1025 1730 1196 1772 emant.
1231 1720 1368 1770 Vale·

498 1920 519 1984 (
538 1916 649 1980 20.)
683 1919 740 1968 C.
764 1918 965 1998 Elinius
989 1917 1152 1964 Tacito
1173 1931 1257 1964 suo
1279 1917 1336 1968 S.

318 2048 425 2104 Aia,
461 2057 525 2109 te,
554 2046 807 2096 adductum
838 2045 1002 2105 literis,
1036 2061 1154 2110 quas
1183 2044 1385 2108 exigenti
1419 2045 1505 2094 tibi
1535 2046 1604 2096 de

254 2125 403 2162 morte
422 2112 640 2187 ayunculi
655 2111 760 2186 ‘mei
780 2111 972 2221 scripsi,
986 2125 1152 2184 cupere
1170 2125 1453 2172 cognoscere,
1475 2125 1604 2173 quos

253 2191 356 2240 ego,
387 2176 564 2224 Miseni
586 2175 786 2234 relictus,
808 2177 847 2228 (ι
899 2189 1024 2222 emm
1043 2189 1274 2237 ingressus
1293 2174 1601 2237 abruperam)

254 2254 349 2289 non
364 2240 515 2288 solum
535 2247 705 2298 metus,
718 2253 880 2286 verum
901 2247 1043 2285 etlam
1062 2254 1210 2300 casus,
1231 2238 1518 2302 pertulerim.

253 2337 559 2399 Quamquam
579 2335 761 2383 animus
782 2333 1047 2382 meminisse
1065 2333 1238 2396 horret,
1306 2366 1509 2384 ......

254 2400 498 2464 Incipiam.

253 2496 464 2544 Profecto
476 2495 718 2548 avuncu10,
734 2494 831 2558 ipse
847 2494 1080 2556 reliquum
1094 2502 1276 2558 tempus
1292 2495 1456 2543 studiis
1473 2494 1606 2548 (ideo

255 2560 379 2607 enim
401 2555 730 2618 remanseram)
755 2557 962 2619 impendi
976 2575 991 2605 ε
1025 2573 1138 2606 mox
1168 2560 1424 2618 balineum,
1445 2573 1601 2618 coena,

204 2649 209 2654 ·
254 2638 442 2672 somnus
471 2623 703 2685 inquietus
727 2630 772 2668 et
804 2620 968 2668 brevis.
999 2620 1298 2672 Praecesserat
1318 2639 1402 2687 per
1421 2623 1603 2672 multos
