1877 2869
326 82 423 131 338
554 78 723 131 PLIN
726 78 783 129 11
816 77 1322 129 PANEGYRICUS.
1355 78 1437 125 51.

328 224 431 269 nas,
454 208 747 259 solitudinem
766 206 952 273 pellere,
973 208 1180 271 ingentia
1192 222 1348 271 opera,
1379 205 1554 255 eodem
1587 220 1686 269 quo

332 282 564 324 exstructa
588 283 698 323 sunt
726 275 898 332 animo,
932 275 993 321 ab
1025 272 1212 320 interitu
1232 271 1482 319 vindicare.
1537 272 1686 319 Muta

334 339 525 403 quidem
538 339 621 387 illa
632 346 678 387 et
698 336 853 387 anima
868 336 1067 385 carentia
1083 353 1099 393 ς
1115 335 1280 384 sentire
1299 344 1458 383 tamen
1475 334 1690 383 etlaetari

334 403 564 462 videntur,
576 402 701 467 quod
714 402 905 461 niteant,
920 400 1047 465 quod
1062 400 1428 463 frequententur,
1450 401 1586 463 quod
1602 398 1688 446 ali-

336 467 525 533 quando
544 467 761 531 coeperint
780 481 877 514 esse
898 465 1076 513 domini
1089 464 1282 513 scientis.
1315 464 1686 519 circumfertur,

336 534 424 581 sub
446 532 635 579 nomine
646 532 855 585 caesaris,
876 530 1036 577 tabula
1055 528 1217 591 ingens
1238 542 1394 575 rerum
1411 529 1685 583 venalium3

335 612 432 661 quo
452 597 513 644 sit
526 595 791 645 detestanda
810 594 1000 641 avaritia
1015 593 1157 651 illius,
1180 592 1264 656 qui
1283 600 1381 640 tam
1403 594 1564 640 multa
1579 607 1688 641 con-

338 661 615 724 cupisoebat‚
652 674 777 723 scum
820 659 1008 705 haberet
1049 672 1329 721 supervacua
1373 667 1478 705 tam
1518 658 1687 707 multa-

340 726 481 773 Tunc
502 724 699 771 exitialis
726 731 822 771 erat
843 722 968 785 apud
991 721 1272 784 Principem,
1291 721 1402 768 huic
1424 722 1583 769 laxior
1601 722 1687 767 do-

338 804 462 847 mus,
484 788 556 836 illi
568 787 785 836 amoenior
798 788 923 835 villa.
948 786 1089 833 Nunc
1106 785 1324 849 Princeps
1338 786 1391 832 in
1403 786 1508 833 haec
1525 786 1688 833 eadem

341 853 552 905 dominos
580 853 761 917 quaerit,
786 851 885 915 ipse
905 849 1114 899 inducit:
1148 850 1270 913 ipsos
1289 850 1395 897 illos
1415 852 1586 912 magni
1605 850 1686 896 ali-

251 944 256 949 ·
342 917 529 993 quando
552 915 844 981 Imperatoris
857 915 1030 975 hortos,
1058 914 1177 961 illud
1198 928 1445 977 nunquam
1463 915 1564 961 nisi
1585 914 1689 963 Cae-

342 998 454 1031 sans
463 983 797 1034 suburbanum,
806 980 1019 1039 licemur,
1029 979 1244 1036 emimus,
1258 978 1532 1043 implemus.
1555 978 1688 1026 Tan-

344 1055 392 1095 ta
424 1046 680 1107 benignitas
715 1044 962 1107 Principis,
1004 1052 1132 1091 tanta
1165 1042 1384 1091 securitas
1418 1050 1518 1089 tan
1583 1058 1687 1090 mm

344 1118 429 1169 est,
453 1118 507 1157 ut
526 1110 606 1158 ille
626 1122 709 1157 nos
728 1107 1058 1173 principalibus
1085 1108 1221 1155 rebus
1244 1107 1480 1155 existimet
1543 1108 1688 1171 'gnos,

344 1188 429 1222 nos
458 1186 552 1221 non
577 1173 841 1231 timeamus,
871 1172 997 1235 quod
1029 1172 1158 1235 digni
1191 1187 1286 1219 esse
1306 1170 1540 1219 videmur.
1587 1172 1689 1219 Nee

346 1254 455 1287 vero
474 1237 657 1285 emendi
684 1246 866 1285 tantum
881 1236 1057 1284 civibus
1077 1235 1169 1283 tuis
1189 1235 1368 1299 copiam
1388 1237 1589 1298 praeboe,
1611 1236 1690 1283 sed

347 1302 655 1351 amoenissima
674 1316 871 1365 quaeque
895 1300 1076 1363 largiris
1097 1308 1142 1347 et
1161 1298 1303 1347 donas
1317 1316 1332 1345 z
1365 1298 1450 1357 ita,
1471 1299 1688 1363 inquam,

350 1365 511 1427 donas,
539 1366 589 1413 in
611 1382 717 1430 quae
738 1366 923 1424 electus,
957 1365 1007 1411 in
1029 1378 1137 1440 quae
1157 1364 1404 1427 adoptatus
1425 1379 1476 1411 es
1489 1380 1506 1409 ε
1545 1373 1691 1413 trans-

348 1430 458 1492 fers,
491 1429 619 1495 quod
638 1429 816 1494 judicio
848 1429 1061 1494 accepisti
1076 1447 1091 1476 z
1133 1444 1186 1476 ac
1217 1428 1335 1476 nihil
1351 1428 1522 1492 ·magis
1554 1437 1690 1478 tuum

349 1497 513 1554 credis,
536 1511 679 1559 quam
700 1494 825 1559 quod
844 1510 927 1558 per
947 1493 1116 1542 amicos
1133 1493 1289 1541 habes.

415 1557 557 1623 (51.)
581 1560 717 1608 Idem
736 1567 833 1606 tam
855 1572 1080 1622 parcusae
1101 1559 1152 1605 in
1167 1557 1690 1621 aedifieando,quamdi-

351 1625 499 1689 ligens
531 1625 581 1672 in
602 1623 787 1672 tuendo.
834 1622 1001 1686 Itaque
1033 1637 1143 1683 non,
1175 1628 1231 1668 ut
1263 1631 1386 1680 ante,
1409 1621 1688 1672 immanium

352 1689 681 1737 transvectione
702 1703 918 1736 saxorum
936 1687 1078 1736 Urbis
1094 1694 1212 1735 tecta
1234 1685 1513 1749 quatiuntur
1530 1703 1546 1743 ς
1567 1696 1690 1734 stant

352 1769 523 1802 securae
538 1753 723 1813 domus,
744 1767 829 1800 nec
840 1753 942 1814 jam
962 1751 1136 1815 templa
1154 1750 1382 1798 nutantia.
1414 1751 1540 1799 Satis
1552 1760 1620 1799 est
1633 1752 1692 1799 ti-

353 1819 421 1878 bi,
438 1817 746 1880 nimiumque,
770 1832 877 1876 cum
890 1816 1156 1864 successeris
1175 1814 1488 1878 frugalissimo
1511 1815 1690 1864 Princi-

354 1883 437 1946 pi3
471 1882 619 1930 mavis
648 1880 844 1929 recidere
872 1879 1049 1944 aliquid
1078 1889 1124 1928 et
1149 1888 1391 1944 amputare
1411 1894 1470 1926 ex
1491 1878 1568 1928 his
1587 1897 1691 1944 quae

358 1947 580 2010 Princeps
594 1955 835 2008 tamquam
856 1946 1107 1993 necessaria
1127 1943 1326 2007 reliquit.
1359 1944 1592 1992 Praeoerea
1609 1961 1692 2008 pa-

354 2017 425 2058 ter
444 2018 554 2058 tuus
574 2009 734 2058 usibus
763 2009 855 2058 suis
875 2008 1158 2068 detrahebat,
1180 2023 1286 2071 quae
1303 2007 1493 2058 fortuna
1514 2007 1692 2072 impexi

353 2073 541 2122 dederat
554 2091 569 2122 ε
603 2083 657 2122 tu
672 2073 781 2134 tuis,
804 2074 930 2138 quod
947 2081 1091 2137 pater.
1121 2073 1193 2121 At
1233 2071 1694 2136 uammngnificusin

286 2186 293 2192 ,
356 2137 598 2201 publicum
618 2139 696 2186 es!
746 2138 874 2187 Hinc
904 2138 1123 2202 porticus,
1149 2137 1200 2184 in
1232 2153 1258 2184 e
1285 2137 1496 2196 delubra,
1519 2137 1692 2187 occulti

354 2201 585 2250 eeleritate
602 2212 921 2266 properantur,
944 2210 999 2250 ut
1017 2217 1111 2250 non
1132 2211 1468 2259 consummata,
1490 2201 1572 2250 sed
1589 2212 1694 2252 nn-

356 2274 462 2312 tum
496 2275 778 2314 commutata
810 2267 1064 2315 videantur.
1118 2264 1217 2314 Hic
1251 2266 1536 2314 immensum
1571 2268 1690 2317 latus

350 2328 483 2376 Circi
517 2331 797 2391 templorum
834 2330 1226 2394 pulchritudinem
1257 2338 1506 2393 proveatu
1553 2331 1688 2396 digna

452 2393 533 2438 ulo
552 2392 721 2441 victore
738 2394 950 2456 gentium
973 2395 1116 2456 sedes,
1139 2409 1222 2443 nec
1242 2394 1400 2450 minus
1427 2393 1446 2440 i
1549 2395 1690 2446 visen-

460 2469 603 2518 quam
656 2472 732 2504 uae
750 2471 809 2504 ex
828 2458 911 2504 ina
928 2461 1284 2521 spectabunture
1341 2459 1352 2472 ⁸
1519 2469 1688 2520 auten,

354 2531 469 2565 cum
503 2525 635 2567 caeter
696 2521 859 2582 specie,
894 2529 1000 2568 tum
1041 2524 1169 2586 quod
1211 2531 1421 2588 aequatus
1456 2523 1604 2587 plebis
1641 2543 1692 2575 ae

360 2579 593 2646 Principis
613 2583 740 2632 locus
756 2602 769 2631 ε
786 2584 1016 2646 siquidem
1036 2602 1119 2650 per
1139 2603 1278 2638 omne
1291 2588 1496 2653 spatium
1515 2603 1608 2639 una
1627 2591 1694 2640 Ta·
