1877 2869
575 123 802 174 PLINII
847 121 1063 175 EPIST.
1098 125 1189 175 vl.
1224 125 1302 173 21.
1515 123 1606 170 155

264 253 418 303 adhue
437 255 584 303 oeulis
599 263 782 304 mutata
791 254 967 312 omnia,
984 255 1171 319 altoque
1180 255 1348 314 cinere,
1362 261 1603 317 tamquam

263 320 387 378 nive,
409 319 620 369 obducta.
653 319 870 384 Regressi
884 317 1144 379 Misenum,
1162 319 1330 368 curatis
1346 329 1603 381 utcumque

263 384 546 448 corporibus,
581 399 850 449 suspensam
887 384 1171 450 dubiamque
1213 393 1393 432 noctem
1428 399 1509 446 spe
1550 398 1603 430 ac

260 457 392 496 metu
414 449 669 512 exegimus.
703 449 865 498 Metus
885 449 1191 511 proevalebat:
1230 463 1341 496 nam
1364 457 1410 497 et
1432 457 1603 496 tremor

261 523 396 560 terrae
428 516 760 576 perseverabat,
793 522 841 562 et
871 514 1097 589 plerique,
1136 513 1369 577 lymphati
1400 511 1604 562 terrificis

263 577 680 638 vaticinationibus,
703 587 750 627 et
777 595 862 626 sua
891 587 938 627 et
964 579 1116 626 ahena
1148 579 1275 626 mah
1300 577 1603 626 ludifioeban.

261 649 356 689 tur.
405 643 560 691 Nobis
589 651 745 690 tamen
777 657 836 691 ne
867 650 981 691 tune
1004 643 1211 707 quidem,
1248 655 1535 706 quamquam
1559 649 1607 688 et

261 707 464 769 expertis
497 707 756 770 periculum
783 715 830 755 et
857 707 1245 771 exspectantibus,
1278 706 1478 754 abeundi
1496 719 1606 754 oon-

261 769 439 831 silium,
453 771 598 820 donee
609 771 669 820 de
683 771 912 820 avunculo
923 772 1130 820 nuntius.
1159 770 1293 830 Haee,
1310 769 1607 846 nequiquam

260 835 455 883 historia
475 835 634 898 digna,
655 849 750 884 non
765 835 1038 900 scripturus,
1059 836 1213 900 leges,
1248 844 1294 883 et
1314 836 1399 883 tibi
1418 835 1604 892 scilieet,

261 900 894 1014 3ffiefflnuffifi’viffiffubi&
915 900 955 948 si
976 900 1117 963 digna
1136 915 1199 949 ne
1216 901 1363 966 episto’
1361 897 1606 963 Equidem

497 1157 642 1222 (21.)
679 1162 736 1210 C.
761 1161 959 1208 Plinius
984 1162 1187 1209 Caninio
1206 1175 1291 1208 mo
1314 1163 1365 1209 S.

330 1289 450 1336 Sum
481 1301 543 1336 ex
569 1288 643 1343 iis,
673 1289 758 1353 qui
789 1288 928 1336 mirer
954 1289 1197 1352 antiquom
1232 1303 1326 1337 non
1356 1297 1531 1346 tamen,
1551 1295 1607 1334 ut

263 1353 478 1417 quidam,
497 1359 760 1416 temporum
781 1362 1039 1401 nostrornm
1052 1353 1239 1417 ingenia
1256 1353 1472 1416 despicio.
1506 1352 1557 1400 N
1558 1367 1607 1399 e-

263 1431 361 1529 32³
375 1417 502 1466 enim
517 1417 651 1481 quasi
665 1418 783 1467 lassa
793 1426 841 1467 et
853 1419 988 1467 effeta
1001 1426 1183 1476 natura,
1198 1427 1253 1468 ut
1263 1418 1381 1467 nihil
1391 1419 1492 1480 jam
1504 1417 1608 1465 lau-

327 1483 422 1531 bile
457 1482 626 1547 pariat.
669 1483 835 1547 Atque
867 1484 983 1532 adeo
1010 1498 1159 1547 nuper
1180 1484 1308 1532 audii
1327 1482 1607 1545 Verginium

265 1548 540 1595 Romanum
561 1548 724 1610 paucis
749 1548 978 1611 legentem
1000 1548 1271 1597 oomoediam
1290 1548 1351 1596 ad
1372 1546 1609 1609 exemplar

264 1611 434 1660 veteris
453 1612 688 1661 oomoediae
713 1613 949 1675 scriptam,
982 1620 1078 1661 tam
1100 1615 1236 1668 bene,
1258 1620 1314 1660 ut
1334 1625 1431 1659 esse
1460 1624 1610 1685 quan-

261 1676 421 1740 doque
447 1676 590 1741 possit
621 1678 875 1741 exemplar.
920 1678 1093 1725 Nescio
1116 1690 1177 1724 an
1196 1676 1322 1724 noris
1352 1676 1609 1733 hommem,

263 1748 557 1805 quamquam
571 1743 707 1790 nosse
717 1741 871 1790 debes.
905 1740 996 1790 Est
1008 1742 1151 1798 enim,
1164 1741 1393 1805 probitate
1406 1754 1610 1797 morum,

263 1806 442 1868 ingenii
478 1805 720 1869 elegantia,
771 1820 966 1869 operum
1008 1806 1242 1865 varietate,
1285 1804 1610 1852 monstrabilis.

263 1870 460 1934 Scripsit
473 1870 769 1919 mimiambos
784 1870 1001 1930 tenuiter,
1024 1878 1204 1933 argute,
1234 1876 1443 1928 venuste,
1472 1877 1612 1932 atque

263 1934 317 1982 in
338 1934 428 1983 hoc
447 1948 612 1999 genere
631 1934 1017 2000 eloquentissime.
1054 1934 1259 1982 Nullum
1291 1942 1361 1983 est
1386 1933 1511 1981 enim
1530 1948 1613 1995 ge-

263 2013 377 2113 2³¹0?
407 2000 882 2129 qfflssgfflss‘ffig.
892 1999 1413 2127 nffiffiggffiq
1383 1998 1493 2110 ⁶⁸³¹..
1493 2012 1613 2110 'uffa-”¹¹¹¹

365 2098 378 2113 ·
883 2098 900 2125 ν

257 2129 330 2189 ,εἰει
363 2128 570 2191 ejusdem
607 2129 867 2178 aemulatus.
921 2128 1055 2177 Licet
1096 2128 1181 2177 has
1216 2128 1335 2176 inter
1374 2127 1614 2175 Plautinas

265 2190 662 2257 Terentianasque
681 2208 910 2243 numeres.
944 2194 995 2241 N
997 2208 1088 2242 unc
1099 2194 1302 2257 primum
1326 2208 1375 2241 se
1394 2192 1444 2240 in
1465 2199 1615 2239 vetere

264 2258 506 2313 eomoedifl,
529 2258 610 2307 sed
631 2273 724 2307 non
743 2267 986 2324 tamquam
1001 2258 1237 2321 inciperet,
1250 2256 1461 2305 ostendit.
1499 2254 1613 2303 Non

265 2322 340 2371 illi
360 2322 442 2380 vis,
464 2336 556 2371 non
579 2324 831 2387 granditas,
854 2338 948 2372 non
970 2323 1216 2382 subtilitas,
1229 2336 1323 2370 non
1336 2319 1613 2378 amaritudo,

263 2402 366 2436 non
401 2386 614 2448 dulcedo,
649 2402 744 2437 non
777 2388 923 2453 lepos,
956 2388 1118 2437 defuit.
1168 2386 1367 2436 Ornavit
1387 2386 1612 2438 virtutes;

265 2454 520 2503 insectatus
547 2460 616 2501 est
632 2452 780 2510 vitia3
813 2454 932 2502 fictis
954 2452 1219 2501 nominibus
1238 2452 1466 2508 decenter,
1498 2447 1613 2495 veris

267 2530 386 2566 usus
407 2525 475 2566 est
505 2525 626 2581 apte.
667 2517 802 2565 Circa
831 2532 908 2566 me
936 2525 1139 2576 tantum,
1169 2515 1451 2579 benignitate
1471 2507 1616 2582 nimi&

267 2581 468 2630 modum
489 2581 708 2639 excessit3
743 2582 832 2635 nisi
853 2582 979 2646 quod
1008 2590 1165 2629 tamen
1184 2580 1333 2644 poe'tis
1353 2574 1539 2624 mentiri
1559 2572 1617 2617 h-

269 2654 358 2697 cet-
392 2646 454 2697 In
469 2646 656 2698 summa
676 2649 959 2711 extorquebo
980 2646 1022 2695 ei
1036 2646 1229 2704 librum,
1252 2640 1617 2705 legendumque,
